% Encoding: UTF-8

@Article{science.312.1021,
  author    = {Hirjibehedin, Cyrus F. and Lutz, Christopher P. and Heinrich, Andreas J.},
  title     = {Spin Coupling in Engineered Atomic Structures},
  journal   = {Science},
  year      = {2006},
  volume    = {312},
  number    = {5776},
  pages     = {1021--1024},
  issn      = {0036-8075},
  doi       = {10.1126/science.1125398},
  eprint    = {https://science.sciencemag.org/content/312/5776/1021.full.pdf},
  langid    = {english},
  publisher = {American Association for the Advancement of Science},
  url       = {https://science.sciencemag.org/content/312/5776/1021},
}

@Article{science.335.196,
  author    = {Loth, Sebastian and Baumann, Susanne and Lutz, Christopher P. and Eigler, D. M. and Heinrich, Andreas J.},
  title     = {Bistability in Atomic-Scale Antiferromagnets},
  journal   = {Science},
  year      = {2012},
  volume    = {335},
  number    = {6065},
  pages     = {196--199},
  issn      = {0036-8075},
  doi       = {10.1126/science.1214131},
  eprint    = {https://science.sciencemag.org/content/335/6065/196.full.pdf},
  langid    = {english},
  publisher = {American Association for the Advancement of Science},
  url       = {https://science.sciencemag.org/content/335/6065/196},
}

@Article{PhysRevLett.92.056803,
  author    = {F\"olsch, S. and Hyldgaard, P. and Koch, R. and Ploog, K. H.},
  title     = {Quantum Confinement in Monatomic Cu Chains on Cu(111)},
  journal   = {Physical Review Letters},
  year      = {2004},
  volume    = {92},
  pages     = {056803},
  month     = feb,
  doi       = {10.1103/PhysRevLett.92.056803},
  issue     = {5},
  langid    = {english},
  numpages  = {4},
  publisher = {American Physical Society},
}

@Article{PhysRevB.61.2254,
  author    = {Gambardella, P. and Blanc, M. and Brune, H. and Kuhnke, K. and Kern, K.},
  title     = {One-dimensional metal chains on Pt vicinal surfaces},
  journal   = {Physical Review B},
  year      = {2000},
  volume    = {61},
  pages     = {2254--2262},
  month     = jan,
  doi       = {10.1103/PhysRevB.61.2254},
  issue     = {3},
  langid    = {english},
  numpages  = {0},
  publisher = {American Physical Society},
}

@Article{SurfaceScience.449.93,
  author   = {Gambardella, P. and Blanc, M. and Bürgi, L. and Kuhnke, K. and Kern, K.},
  title    = {Co growth on Pt(997): from monatomic chains to monolayer completion},
  journal  = {Surface Science},
  year     = {2000},
  volume   = {449},
  number   = {1},
  pages    = {93--103},
  issn     = {0039-6028},
  doi      = {10.1016/S0039-6028(99)01218-2},
  keywords = {Cobalt, Epitaxy, Growth kinetics, Nanowires, Platinum, STM, TEAS, Vicinal single crystal surfaces},
  langid   = {english},
  url      = {http://www.sciencedirect.com/science/article/pii/S0039602899012182},
}

@Article{PhysRevLett.117.046101,
  author    = {Ferstl, Pascal and Hammer, Lutz and Sobel, Christopher and Gubo, Matthias and Heinz, Klaus and Schneider, M. Alexander and Mittendorfer, Florian and Redinger, Josef},
  title     = {Self-Organized Growth, Structure, and Magnetism of Monatomic Transition-Metal Oxide Chains},
  journal   = {Physical Review Letters},
  year      = {2016},
  volume    = {117},
  pages     = {046101},
  month     = jul,
  doi       = {10.1103/PhysRevLett.117.046101},
  issue     = {4},
  langid    = {english},
  numpages  = {5},
  publisher = {American Physical Society},
}

@Article{PhysRevB.78.205416,
  author    = {Giovanardi, C. and Klein, A. and Schmidt, A. and Hammer, L. and Heinz, K.},
  title     = {Transition metal superlattices and epitaxial films on $\text{Ir}(100)\text{\ensuremath{-}}(5\ifmmode\times\else\texttimes\fi{}1)\text{-H}$},
  journal   = {Physical Review B},
  year      = {2008},
  volume    = {78},
  pages     = {205416},
  month     = nov,
  doi       = {10.1103/PhysRevB.78.205416},
  issue     = {20},
  langid    = {english},
  numpages  = {7},
  publisher = {American Physical Society},
}

@Article{PhysRevLett.97.126102,
  author    = {Schoiswohl, J. and Mittendorfer, F. and Surnev, S. and Ramsey, M. G. and Andersen, J. N. and Netzer, F. P.},
  title     = {Chemical Reactivity of Ni-Rh Nanowires},
  journal   = {Physical Review Letters},
  year      = {2006},
  volume    = {97},
  pages     = {126102},
  month     = sep,
  doi       = {10.1103/PhysRevLett.97.126102},
  issue     = {12},
  langid    = {english},
  numpages  = {4},
  publisher = {American Physical Society},
}

@Article{ChemPhysChem.11.2506,
  author   = {Surnev, Svetlozar and Allegretti, Francesco and Parteder, Georg and Franz, Thomas and Mittendorfer, Florian and Andersen, Jesper N. and Netzer, Falko P.},
  title    = {One-Dimensional Oxide–Metal Hybrid Structures: Site-Specific Enhanced Reactivity for CO Oxidation},
  journal  = {ChemPhysChem},
  year     = {2010},
  volume   = {11},
  number   = {12},
  pages    = {2506--2509},
  doi      = {10.1002/cphc.201000343},
  eprint   = {https://onlinelibrary.wiley.com/doi/pdf/10.1002/cphc.201000343},
  keywords = {density functional calculations, nickel oxide, oxidation, photoelectron spectroscopy, rhodium},
  langid   = {english},
}

@Article{PhysRevLett.93.206803,
  author    = {Olsson, F. E. and Persson, M. and Borisov, A. G. and Gauyacq, J.-P. and Lagoute, J. and F\"olsch, S.},
  title     = {Localization of the Cu(111) Surface State by Single Cu Adatoms},
  journal   = {Physical Review Letters},
  year      = {2004},
  volume    = {93},
  pages     = {206803},
  month     = nov,
  doi       = {10.1103/PhysRevLett.93.206803},
  issue     = {20},
  langid    = {english},
  numpages  = {4},
  publisher = {American Physical Society},
}

@Article{PhysRevLett.94.036805,
  author    = {Limot, L. and Pehlke, E. and Kr\"oger, J. and Berndt, R.},
  title     = {Surface-State Localization at Adatoms},
  journal   = {Physical Review Letters},
  year      = {2005},
  volume    = {94},
  pages     = {036805},
  month     = jan,
  doi       = {10.1103/PhysRevLett.94.036805},
  issue     = {3},
  langid    = {english},
  numpages  = {4},
  publisher = {American Physical Society},
}

@Article{PhysRevB.59.10935,
  author    = {Borisov, A. G. and Kazansky, A. K. and Gauyacq, J. P.},
  title     = {Resonant charge transfer in ion--metal surface collisions: Effect of a projected band gap in the ${\mathrm{H}}^{\mathrm{\ensuremath{-}}}\ensuremath{-}\mathrm{C}\mathrm{u}(111)$ system},
  journal   = {Physical Review B},
  year      = {1999},
  volume    = {59},
  pages     = {10935--10949},
  month     = apr,
  doi       = {10.1103/PhysRevB.59.10935},
  issue     = {16},
  langid    = {english},
  numpages  = {0},
  publisher = {American Physical Society},
}

@Article{PhysRevLett.81.4464,
  author    = {Li, Jiutao and Schneider, Wolf-Dieter and Berndt, Richard and Bryant, O. R. and Crampin, S.},
  title     = {Surface-State Lifetime Measured by Scanning Tunneling Spectroscopy},
  journal   = {Physical Review Letters},
  year      = {1998},
  volume    = {81},
  pages     = {4464--4467},
  month     = nov,
  doi       = {10.1103/PhysRevLett.81.4464},
  issue     = {20},
  langid    = {english},
  numpages  = {0},
  publisher = {American Physical Society},
}

@Article{PhysRevB.72.153407,
  author    = {Stepanyuk, V. S. and Klavsyuk, A. N. and Niebergall, L. and Bruno, P.},
  title     = {End electronic states in Cu chains on Cu(111): Ab initio calculations},
  journal   = {Physical Review B},
  year      = {2005},
  volume    = {72},
  pages     = {153407},
  month     = oct,
  doi       = {10.1103/PhysRevB.72.153407},
  issue     = {15},
  langid    = {english},
  numpages  = {4},
  publisher = {American Physical Society},
}

@Article{PhysRevB.73.045430,
  author    = {Lazarovits, B. and Szunyogh, L. and Weinberger, P.},
  title     = {Spin-polarized surface states close to adatoms on $\mathrm{Cu}(111)$},
  journal   = {Physical Review B},
  year      = {2006},
  volume    = {73},
  pages     = {045430},
  month     = jan,
  doi       = {10.1103/PhysRevB.73.045430},
  issue     = {4},
  langid    = {english},
  numpages  = {5},
  publisher = {American Physical Society},
}

@Article{PhysRevB.73.195421,
  author    = {Lounis, Samir and Mavropoulos, Phivos and Dederichs, Peter H. and Bl\"ugel, Stefan},
  title     = {Surface-state scattering by adatoms on noble metals: Ab initio calculations using the Korringa-Kohn-Rostoker Green function method},
  journal   = {Physical Review B},
  year      = {2006},
  volume    = {73},
  pages     = {195421},
  month     = may,
  doi       = {10.1103/PhysRevB.73.195421},
  issue     = {19},
  langid    = {english},
  numpages  = {6},
  publisher = {American Physical Society},
}

@Article{FTT.49.1508,
  author   = {Давыдов, С. Ю. and Трошин, С. В.},
  title    = {Адсорбция на металлах и полупроводниках: модели Андерсона--Ньюнса и Халдейна--Андерсона},
  journal  = {Физика твердого тела},
  year     = {2007},
  volume   = {49},
  pages    = {1508},
  issue    = {8},
  numpages = {6},
}

@Article{PhysRev.124.41,
  author    = {Anderson, P. W.},
  title     = {Localized Magnetic States in Metals},
  journal   = {Physical Review},
  year      = {1961},
  volume    = {124},
  pages     = {41--53},
  month     = oct,
  doi       = {10.1103/PhysRev.124.41},
  issue     = {1},
  langid    = {english},
  numpages  = {0},
  publisher = {American Physical Society},
}

@Article{PhysRev.178.1123,
  author    = {Newns, D. M.},
  title     = {Self-Consistent Model of Hydrogen Chemisorption},
  journal   = {Physical Review},
  year      = {1969},
  volume    = {178},
  pages     = {1123--1135},
  month     = feb,
  doi       = {10.1103/PhysRev.178.1123},
  issue     = {3},
  langid    = {english},
  numpages  = {0},
  publisher = {American Physical Society},
}

@Article{Science.297.1853,
  author    = {Nilius, N. and Wallis, T. M. and Ho, W.},
  title     = {Development of One-Dimensional Band Structure in Artificial Gold Chains},
  journal   = {Science},
  year      = {2002},
  volume    = {297},
  number    = {5588},
  pages     = {1853--1856},
  issn      = {0036-8075},
  doi       = {10.1126/science.1075242},
  eprint    = {https://science.sciencemag.org/content/297/5588/1853.full.pdf},
  langid    = {english},
  publisher = {American Association for the Advancement of Science},
  url       = {https://science.sciencemag.org/content/297/5588/1853},
}

@Article{Science.307.703,
  author    = {Crain, J. N. and Pierce, D. T.},
  title     = {End States in One-Dimensional Atom Chains},
  journal   = {Science},
  year      = {2005},
  volume    = {307},
  number    = {5710},
  pages     = {703--706},
  issn      = {0036-8075},
  doi       = {10.1126/science.1106911},
  eprint    = {https://science.sciencemag.org/content/307/5710/703.full.pdf},
  langid    = {english},
  publisher = {American Association for the Advancement of Science},
  url       = {https://science.sciencemag.org/content/307/5710/703},
}

@Article{PhysicsUspekhi.58.933,
  author    = {Klavsyuk, A. L. and Saletsky, A. M.},
  title     = {Formation and properties of metallic atomic contacts},
  journal   = {Physics-Uspekhi},
  year      = {2015},
  volume    = {58},
  number    = {10},
  pages     = {933--951},
  month     = oct,
  doi       = {10.3367/ufne.0185.201510a.1009},
  langid    = {english},
  publisher = {Uspekhi Fizicheskikh Nauk ({UFN}) Journal},
}

@Article{PhysRevB.52.7894,
  author    = {S\'anchez, O. and Garc\'{\i}a, J. M. and Segovia, P. and Alvarez, J. and V\'azquez de Parga, A. L. and Ortega, J. E. and Prietsch, M. and Miranda, R.},
  title     = {Lateral confinement of surface states on stepped Cu(111)},
  journal   = {Physical Review B},
  year      = {1995},
  volume    = {52},
  pages     = {7894--7897},
  month     = sep,
  doi       = {10.1103/PhysRevB.52.7894},
  issue     = {11},
  langid    = {english},
  numpages  = {0},
  publisher = {American Physical Society},
}

@Article{PhysRevB.67.121409,
  author    = {Hansmann, M. and Pascual, J. I. and Ceballos, G. and Rust, H.-P. and Horn, K.},
  title     = {Scanning tunneling spectroscopy study of Cu(554): Confinement and dimensionality at a stepped surface},
  journal   = {Physical Review B},
  year      = {2003},
  volume    = {67},
  pages     = {121409},
  month     = mar,
  doi       = {10.1103/PhysRevB.67.121409},
  issue     = {12},
  langid    = {english},
  numpages  = {4},
  publisher = {American Physical Society},
}

@Article{PhysRevB.75.155428,
  author    = {Ignatiev, P. A. and Stepanyuk, V. S. and Klavsyuk, A. L. and Hergert, W. and Bruno, P.},
  title     = {Electronic confinement on stepped Cu(111) surfaces: Ab initio study},
  journal   = {Physical Review B},
  year      = {2007},
  volume    = {75},
  pages     = {155428},
  month     = apr,
  doi       = {10.1103/PhysRevB.75.155428},
  issue     = {15},
  langid    = {english},
  numpages  = {5},
  publisher = {American Physical Society},
}

@Article{PhysRevB.78.113406,
  author    = {Stepanyuk, Oleg V. and Negulyaev, Nikolay N. and Saletsky, Alexander M. and Hergert, Wolfram},
  title     = {Growth of Co nanostructures on Cu(110): Atomic-scale simulations},
  journal   = {Physical Review B},
  year      = {2008},
  volume    = {78},
  pages     = {113406},
  month     = sep,
  doi       = {10.1103/PhysRevB.78.113406},
  issue     = {11},
  langid    = {english},
  numpages  = {4},
  publisher = {American Physical Society},
}

@Article{PhysRevB.79.155410,
  author    = {Stepanyuk, Oleg V. and Negulyaev, Nikolay N. and Ignatiev, Pavel A. and Przybylski, Marek and Hergert, Wolfram and Saletsky, Alexander M. and Kirschner, J\"urgen},
  title     = {Intermixing-driven scenario for the growth of nanowires on (110) metal surfaces},
  journal   = {Physical Review B},
  year      = {2009},
  volume    = {79},
  pages     = {155410},
  month     = apr,
  doi       = {10.1103/PhysRevB.79.155410},
  issue     = {15},
  langid    = {english},
  numpages  = {5},
  publisher = {American Physical Society},
}

@Article{PhysRevB.56.R4406,
  author    = {Ferrando, R. and Hontinfinde, F. and Levi, A. C.},
  title     = {Morphologies in anisotropic cluster growth: A Monte Carlo study on Ag(110)},
  journal   = {Physical Review B},
  year      = {1997},
  volume    = {56},
  pages     = {R4406--R4409},
  month     = aug,
  doi       = {10.1103/PhysRevB.56.R4406},
  issue     = {8},
  langid    = {english},
  numpages  = {0},
  publisher = {American Physical Society},
}

@Article{PhysRevB.56.12539,
  author    = {Li, Yinggang and Bartelt, M. C. and Evans, J. W. and Waelchli, N. and Kampshoff, E. and Kern, K.},
  title     = {Transition from one- to two-dimensional island growth on metal (110) surfaces induced by anisotropic corner rounding},
  journal   = {Physical Review B},
  year      = {1997},
  volume    = {56},
  pages     = {12539--12543},
  month     = nov,
  doi       = {10.1103/PhysRevB.56.12539},
  issue     = {19},
  langid    = {english},
  numpages  = {0},
  publisher = {American Physical Society},
}

@Article{PhysRevB.50.4992,
  author    = {Himpsel, F. J. and Ortega, J. E.},
  title     = {Edge state and terrace state for Cu on W(331) and W(110)},
  journal   = {Physical Review B},
  year      = {1994},
  volume    = {50},
  pages     = {4992--4995},
  month     = aug,
  doi       = {10.1103/PhysRevB.50.4992},
  issue     = {7},
  langid    = {english},
  numpages  = {0},
  publisher = {American Physical Society},
}

@Article{ApplPhysLett.86.102503,
  author  = {Yan, L. and Przybylski, M. and Lu, Yafeng and Wang, W. H. and Barthel, J. and Kirschner, J.},
  title   = {Fabrication and uniaxial magnetic anisotropy of Co nanowires on a Pd(110) surface},
  journal = {Applied Physics Letters},
  year    = {2005},
  volume  = {86},
  number  = {10},
  pages   = {102503},
  doi     = {10.1063/1.1870127},
  langid  = {english},
}

@Article{PhysRevLett.92.096102,
  author    = {Shiraki, Susumu and Fujisawa, Hideki and Nantoh, Masashi and Kawai, Maki},
  title     = {Confining Barriers for Surface State Electrons Tailored by Monatomic Fe Rows on Vicinal Au(111) Surfaces},
  journal   = {Physical Review Letters},
  year      = {2004},
  volume    = {92},
  pages     = {096102},
  month     = mar,
  doi       = {10.1103/PhysRevLett.92.096102},
  issue     = {9},
  langid    = {english},
  numpages  = {4},
  publisher = {American Physical Society},
}

@Article{PhysRevB.97.235444,
  author    = {Syromyatnikov, Alexey G. and Saletsky, Alexander M. and Klavsyuk, Andrey L.},
  title     = {Distributions of atomic wire lengths},
  journal   = {Physical Review B},
  year      = {2018},
  volume    = {97},
  pages     = {235444},
  month     = jun,
  doi       = {10.1103/PhysRevB.97.235444},
  issue     = {23},
  langid    = {english},
  numpages  = {6},
  publisher = {American Physical Society},
}

@Article{Syromyatnikov2019,
  author  = {Syromyatnikov, A. G. and Saletsky, A. M. and Klavsyuk, A. L.},
  title   = {Equilibrium and Nonequilibrium States of One-Dimensional Atomic Structures},
  journal = {JETP Letters},
  year    = {2019},
  volume  = {110},
  number  = {5},
  pages   = {348--351},
  month   = sep,
  issn    = {1090-6487},
  day     = {01},
  doi     = {10.1134/S0021364019170132},
  langid  = {english},
}

@Article{SurfaceScience.604.1576,
  author  = {Ramadan, A. and Picaud, F. and Ramseyer, C.},
  title   = {Scaling of submonolayer island sizes in {A}g growth on stepped {P}t surfaces},
  journal = {Surface Science},
  year    = {2010},
  volume  = {604},
  number  = {19},
  pages   = {1576--1583},
  issn    = {0039-6028},
  doi     = {10.1016/j.susc.2010.05.027},
  langid  = {english},
}

@Article{SurfaceScience.637.116,
  author  = {Tokar, V. I. and Dreyss{\'{e}}, H.},
  title   = {Size calibration of epitaxial islands via a two-step growth protocol: Kinetic {M}onte {C}arlo and effective-medium theory study},
  journal = {Surface Science},
  year    = {2015},
  volume  = {637-638},
  pages   = {116--123},
  issn    = {0039-6028},
  doi     = {10.1016/j.susc.2015.03.029},
  langid  = {english},
}

@Article{SurfaceScience.693.121528,
  author   = {Syromyatnikov, Alexey G. and Saletsky, Alexander M. and Klavsyuk, Andrey L.},
  title    = {One-dimensional island size distribution: From non-equilibrium to equilibrium},
  journal  = {Surface Science},
  year     = {2020},
  volume   = {693},
  pages    = {121528},
  issn     = {0039-6028},
  doi      = {10.1016/j.susc.2019.121528},
  keywords = {Size effect, Nanowires, Growth, Density functional theory},
  langid   = {english},
  url      = {http://www.sciencedirect.com/science/article/pii/S0039602819306302},
}

@Article{PhysRevB.91.235319,
  author    = {Koczorowski, W. and Puchalska, A. and Grzela, T. and Radny, M. W. and Jurczyszyn, L. and Schofield, S. R. and Czajka, R. and Curson, N. J.},
  title     = {Initial growth of Ba on $\mathrm{Ge}(001)$: An STM and DFT study},
  journal   = {Physical Review B},
  year      = {2015},
  volume    = {91},
  pages     = {235319},
  month     = jun,
  doi       = {10.1103/PhysRevB.91.235319},
  issue     = {23},
  langid    = {english},
  numpages  = {10},
  publisher = {American Physical Society},
}

@Article{NewJournalofPhysics.11.063034,
  author    = {Song, I. and Oh, D.-H. and Nam, J. H. and Kim, M. K. and Jeon, C. and Park, C.-Y. and Woo, S. H. and Ahn, J. R.},
  title     = {Indium-induced triple-period atomic wires on a vicinal Si(111) surface: In/Si(557)},
  journal   = {New Journal of Physics},
  year      = {2009},
  volume    = {11},
  number    = {6},
  pages     = {063034},
  month     = jun,
  doi       = {10.1088/1367-2630/11/6/063034},
  langid    = {english},
  publisher = {{IOP} Publishing},
}

@Article{PhysRevB.87.161406,
  author    = {Zaki, Nader and Marianetti, Chris A. and Acharya, Danda P. and Zahl, Percy and Sutter, Peter and Okamoto, Junichi and Johnson, Peter D. and Millis, Andrew J. and Osgood, Richard M.},
  title     = {Experimental observation of spin-exchange-induced dimerization of an atomic one-dimensional system},
  journal   = {Physical Review B},
  year      = {2013},
  volume    = {87},
  pages     = {161406},
  month     = apr,
  doi       = {10.1103/PhysRevB.87.161406},
  issue     = {16},
  langid    = {english},
  numpages  = {5},
  publisher = {American Physical Society},
}

@Article{PhysRevLett.81.5572,
  author    = {Hansen, O. and Ravnkilde, J. T. and Quaade, U. and Stokbro, K. and Grey, F.},
  title     = {Field-Induced Deformation as a Mechanism for Scanning Tunneling Microscopy Based Nanofabrication},
  journal   = {Physical Review Letters},
  year      = {1998},
  volume    = {81},
  pages     = {5572--5575},
  month     = dec,
  doi       = {10.1103/PhysRevLett.81.5572},
  issue     = {25},
  langid    = {english},
  numpages  = {0},
  publisher = {American Physical Society},
}

@Article{Metropolis1953,
  author    = {Metropolis, Nicholas and Rosenbluth, Arianna W. and Rosenbluth, Marshall N. and Teller, Augusta H. and Teller, Edward},
  title     = {Equation of State Calculations by Fast Computing Machines},
  journal   = {Journal of Chemical Physics},
  year      = {1953},
  volume    = {21},
  number    = {6},
  pages     = {1087--1092},
  month     = jun,
  doi       = {10.1063/1.1699114},
  langid    = {english},
  publisher = {{AIP} Publishing},
}

@Article{Syromyatnikov2014,
  author    = {Syromyatnikov, A. G. and Klavsyuk, A. L. and Saletsky, A. M.},
  title     = {Analysis of Interactions between {C}o Adatoms on the Vicinal {C}u(111) Surface},
  journal   = {JETP Letters},
  year      = {2014},
  volume    = {100},
  number    = {1},
  pages     = {24--27},
  issn      = {0021-3640},
  doi       = {10.1134/S0021364014130116},
  langid    = {english},
  publisher = {Pleiades Publishing},
}

@Article{Ising1925,
  author  = {Ising, Ernst},
  title   = {Beitrag zur Theorie des Ferromagnetismus},
  journal = {Zeitschrift f{\"u}r Physik},
  year    = {1925},
  volume  = {31},
  number  = {1},
  pages   = {253--258},
  month   = feb,
  issn    = {0044-3328},
  day     = {01},
  doi     = {10.1007/BF02980577},
  langid  = {english},
}

@Article{Pick_2007,
  author    = {Pick, \v{S} and Ignatiev, P. A. and Klavsyuk, A. L. and Hergert, W. and Stepanyuk, V. S. and Bruno, P.},
  title     = {Structure and magnetic properties of Co chains on a stepped Cu surface},
  journal   = {Journal of Physics: Condensed Matter},
  year      = {2007},
  volume    = {19},
  number    = {44},
  pages     = {446001},
  month     = sep,
  doi       = {10.1088/0953-8984/19/44/446001},
  langid    = {english},
  publisher = {{IOP} Publishing},
}

@Article{Syromyatnikov2017,
  author  = {Syromyatnikov, A. G. and Kabanov, N. S. and Saletsky, A. M. and Klavsyuk, A. L.},
  title   = {Formation and structural phase transition in Co atomic chains on a Cu(775) surface},
  journal = {Journal of Experimental and Theoretical Physics},
  year    = {2017},
  volume  = {124},
  number  = {1},
  pages   = {139--142},
  month   = jan,
  issn    = {1090-6509},
  day     = {01},
  doi     = {10.1134/S1063776116130197},
  langid  = {english},
}

@Article{Syromyatnikov2016matlet,
  author   = {Syromyatnikov, A. G. and Kolesnikov, S. V. and Saletsky, A. M. and Klavsyuk, A. L.},
  title    = {The structure phase transition in atom-wide Co wires on a vicinal Cu{111} surface},
  journal  = {Materials Letters},
  year     = {2016},
  volume   = {179},
  pages    = {69--72},
  issn     = {0167-577X},
  doi      = {10.1016/j.matlet.2016.05.024},
  keywords = {Phase transition, Vicinal surface, Nanowires, DFT calculations},
  langid   = {english},
  url      = {http://www.sciencedirect.com/science/article/pii/S0167577X16307546},
}

@Article{PhysRevB.98.075431,
  author    = {Nakamura, Takuto and Ohtsubo, Yoshiyuki and Yamashita, Yuki and Ideta, Shin-ichiro and Tanaka, Kiyohisa and Yaji, Koichiro and Harasawa, Ayumi and Shin, Shik and Komori, Fumio and Yukawa, Ryu and Horiba, Koji and Kumigashira, Hiroshi and Kimura, Shin-ichi},
  title     = {Giant Rashba splitting of quasi-one-dimensional surface states on Bi/InAs(110)-$(2\ifmmode\times\else\texttimes\fi{}1)$},
  journal   = {Physical Review B},
  year      = {2018},
  volume    = {98},
  pages     = {075431},
  month     = aug,
  doi       = {10.1103/PhysRevB.98.075431},
  issue     = {7},
  langid    = {english},
  numpages  = {7},
  publisher = {American Physical Society},
}

@Article{PhysRevLett.114.066402,
  author    = {Takayama, A. and Sato, T. and Souma, S. and Oguchi, T. and Takahashi, T.},
  title     = {One-Dimensional Edge States with Giant Spin Splitting in a Bismuth Thin Film},
  journal   = {Physical Review Letters},
  year      = {2015},
  volume    = {114},
  pages     = {066402},
  month     = feb,
  doi       = {10.1103/PhysRevLett.114.066402},
  issue     = {6},
  langid    = {english},
  numpages  = {5},
  publisher = {American Physical Society},
}

@Article{PhysRevB.66.073311,
  author    = {Governale, M. and Z\"ulicke, U.},
  title     = {Spin accumulation in quantum wires with strong Rashba spin-orbit coupling},
  journal   = {Physical Review B},
  year      = {2002},
  volume    = {66},
  pages     = {073311},
  month     = aug,
  doi       = {10.1103/PhysRevB.66.073311},
  issue     = {7},
  langid    = {english},
  numpages  = {4},
  publisher = {American Physical Society},
}

@Article{JPhysChemC.116.1670,
  author    = {Simov, Kiril R. and Nolph, Christopher A. and Reinke, Petra},
  title     = {Guided Self-Assembly of Mn Wires on the Si(100)(2 {\texttimes} 1) Surface},
  journal   = {Journal of Physical Chemistry C},
  year      = {2012},
  volume    = {116},
  number    = {2},
  pages     = {1670--1678},
  month     = jan,
  doi       = {10.1021/jp206021r},
  langid    = {english},
  publisher = {American Chemical Society ({ACS})},
}

@Article{PhysRevB.44.13298,
  author    = {Wang, Yue and Perdew, John P.},
  title     = {Correlation hole of the spin-polarized electron gas, with exact small-wave-vector and high-density scaling},
  journal   = {Physical Review B},
  year      = {1991},
  volume    = {44},
  pages     = {13298--13307},
  month     = dec,
  doi       = {10.1103/PhysRevB.44.13298},
  issue     = {24},
  langid    = {english},
  numpages  = {0},
  publisher = {American Physical Society},
}

@Article{JPhysCondensMatter.26.133001,
  author    = {Vanpoucke, Danny E. P.},
  title     = {Modeling 1D structures on semiconductor surfaces: synergy of theory and experiment},
  journal   = {Journal of Physics: Condensed Matter},
  year      = {2014},
  volume    = {26},
  number    = {13},
  pages     = {133001},
  month     = mar,
  doi       = {10.1088/0953-8984/26/13/133001},
  langid    = {english},
  publisher = {{IOP} Publishing},
}

@Article{PhysRevB.45.13244,
  author    = {Perdew, John P. and Wang, Yue},
  title     = {Accurate and simple analytic representation of the electron-gas correlation energy},
  journal   = {Physical Review B},
  year      = {1992},
  volume    = {45},
  pages     = {13244--13249},
  month     = jun,
  doi       = {10.1103/PhysRevB.45.13244},
  issue     = {23},
  langid    = {english},
  numpages  = {0},
  publisher = {American Physical Society},
}

@Article{PhysRevB.50.17953,
  author    = {Bl\"ochl, P. E.},
  title     = {Projector augmented-wave method},
  journal   = {Physical Review B},
  year      = {1994},
  volume    = {50},
  pages     = {17953--17979},
  month     = dec,
  doi       = {10.1103/PhysRevB.50.17953},
  issue     = {24},
  langid    = {english},
  numpages  = {0},
  publisher = {American Physical Society},
}

@Article{PhysRevB.59.1758,
  author    = {Kresse, G. and Joubert, D.},
  title     = {From ultrasoft pseudopotentials to the projector augmented-wave method},
  journal   = {Physical Review B},
  year      = {1999},
  volume    = {59},
  pages     = {1758--1775},
  month     = jan,
  doi       = {10.1103/PhysRevB.59.1758},
  issue     = {3},
  langid    = {english},
  numpages  = {0},
  publisher = {American Physical Society},
}

@Article{PhysRevB.73.153404,
  author    = {Huang, R. Z. and Stepanyuk, V. S. and Klavsyuk, A. L. and Hergert, W. and Bruno, P. and Kirschner, J.},
  title     = {Atomic relaxations and magnetic states in a single-atom tunneling junction},
  journal   = {Physical Review B},
  year      = {2006},
  volume    = {73},
  pages     = {153404},
  month     = apr,
  doi       = {10.1103/PhysRevB.73.153404},
  issue     = {15},
  langid    = {english},
  numpages  = {4},
  publisher = {American Physical Society},
}

@Article{PhysRevB.80.245412,
  author    = {Kolesnikov, S. V. and Klavsyuk, A. L. and Saletsky, A. M.},
  title     = {Vacancy formation on stepped Cu(100) accelerated with STM: Molecular dynamics and kinetic Monte Carlo simulations},
  journal   = {Physical Review B},
  year      = {2009},
  volume    = {80},
  pages     = {245412},
  month     = dec,
  doi       = {10.1103/PhysRevB.80.245412},
  issue     = {24},
  langid    = {english},
  numpages  = {7},
  publisher = {American Physical Society},
}

@Article{EPJB.60.409,
  author    = {Schwingenschl\"{o}gl, U. and Schuster, C.},
  title     = {Confined Ge{\textendash}Pt states in self-organized Pt nanowire arrays on Ge(001)},
  journal   = {European Physical Journal B: Condensed Matter Physics},
  year      = {2007},
  volume    = {60},
  number    = {4},
  pages     = {409--411},
  month     = dec,
  doi       = {10.1140/epjb/e2008-00019-y},
  langid    = {english},
  publisher = {Springer Science and Business Media {LLC}},
}

@Article{PhysRevB.70.085312,
  author    = {Gurlu, Oguzhan and Zandvliet, Harold J. W. and Poelsema, Bene and Dag, Sefa and Ciraci, S.},
  title     = {Initial stages {ofPtgrowth} {onGe}(001)studied by scanning tunneling microscopy and density functional theory},
  journal   = {Physical Review B},
  year      = {2004},
  volume    = {70},
  number    = {8},
  month     = aug,
  doi       = {10.1103/physrevb.70.085312},
  langid    = {english},
  publisher = {American Physical Society ({APS})},
}

@Article{PhysRevB.89.205427,
  author    = {Zaki, Nader and Park, Hyowon and Osgood, Richard M. and Millis, Andrew J. and Marianetti, Chris A.},
  title     = {Failure of DFT-based computations for a stepped-substrate-supported correlated Co wire},
  journal   = {Physical Review B},
  year      = {2014},
  volume    = {89},
  pages     = {205427},
  month     = may,
  doi       = {10.1103/PhysRevB.89.205427},
  issue     = {20},
  langid    = {english},
  numpages  = {5},
  publisher = {American Physical Society},
}

@Article{SurfaceScience.612.48,
  author   = {Kolesnikov, S. V. and Klavsyuk, A. L. and Saletsky, A. M.},
  title    = {Self-organisation and magnetic properties of Co nanostructures embedded in a Cu(100) surface},
  journal  = {Surface Science},
  year     = {2013},
  volume   = {612},
  pages    = {48--56},
  issn     = {0039-6028},
  doi      = {10.1016/j.susc.2013.02.008},
  keywords = {Embedded nanostructures, Kinetic Monte Carlo, Density functional theory, Magnetic properties},
  langid   = {english},
  url      = {http://www.sciencedirect.com/science/article/pii/S0039602813000599},
}

@Article{NJP.19.073016,
  author    = {Schüler, Michael and Chotorlishvili, Levan and Melz, Marius and Saletsky, Alexander and Klavsyuk, Andrey and Toklikishvili, Zaza and Berakdar, Jamal},
  title     = {Functionalizing Fe adatoms on Cu(001) as a nanoelectromechanical system},
  journal   = {New Journal of Physics},
  year      = {2017},
  volume    = {19},
  number    = {7},
  pages     = {073016},
  month     = jul,
  doi       = {10.1088/1367-2630/aa78da},
  langid    = {english},
  publisher = {{IOP} Publishing},
}

@Article{PhysRevLett.107.106804,
  author    = {N\'eel, N. and Berndt, R. and Kr\"oger, J. and Wehling, T. O. and Lichtenstein, A. I. and Katsnelson, M. I.},
  title     = {Two-Site Kondo Effect in Atomic Chains},
  journal   = {Physical Review Letters},
  year      = {2011},
  volume    = {107},
  pages     = {106804},
  month     = sep,
  doi       = {10.1103/PhysRevLett.107.106804},
  issue     = {10},
  langid    = {english},
  numpages  = {4},
  publisher = {American Physical Society},
}

@Article{PhysRevLett.82.4898,
  author    = {Yeom, H. W. and Takeda, S. and Rotenberg, E. and Matsuda, I. and Horikoshi, K. and Schaefer, J. and Lee, C. M. and Kevan, S. D. and Ohta, T. and Nagao, T. and Hasegawa, S.},
  title     = {Instability and Charge Density Wave of Metallic Quantum Chains on a Silicon Surface},
  journal   = {Physical Review Letters},
  year      = {1999},
  volume    = {82},
  pages     = {4898--4901},
  month     = jun,
  doi       = {10.1103/PhysRevLett.82.4898},
  issue     = {24},
  langid    = {english},
  numpages  = {0},
  publisher = {American Physical Society},
}

@Article{JPhysCondensMatter.13.11097,
  author    = {Himpsel, F. J. and Altmann, K. N. and Bennewitz, R. and Crain, J. N. and Kirakosian, A. and Lin, J.-L. and McChesney, J. L.},
  title     = {One-dimensional electronic states at surfaces},
  journal   = {Journal of Physics: Condensed Matter},
  year      = {2001},
  volume    = {13},
  number    = {49},
  pages     = {11097--11113},
  month     = nov,
  doi       = {10.1088/0953-8984/13/49/301},
  langid    = {english},
  publisher = {{IOP} Publishing},
}

@Article{JPhysCondensMatter.21.474207,
  author    = {Zandvliet, Harold J. W. and van Houselt, Arie and Poelsema, Bene},
  title     = {Self-lacing atom chains},
  journal   = {Journal of Physics: Condensed Matter},
  year      = {2009},
  volume    = {21},
  number    = {47},
  pages     = {474207},
  month     = nov,
  doi       = {10.1088/0953-8984/21/47/474207},
  langid    = {english},
  publisher = {{IOP} Publishing},
}

@Article{SurfaceScience.653.71,
  author   = {Watanabe, T. and Yamada, Y. and Sasaki, M. and Sakai, S. and Yamauchi, Y.},
  title    = {Pt- and Au-induced monodirectional nanowires on Ge(110)},
  journal  = {Surface Science},
  year     = {2016},
  volume   = {653},
  pages    = {71--75},
  issn     = {0039-6028},
  doi      = {10.1016/j.susc.2016.05.009},
  keywords = {Ge(110), Nanowire, Scanning tunneling microscopy, Metastable atom deexcitation spectroscopy},
  langid   = {english},
  url      = {http://www.sciencedirect.com/science/article/pii/S0039602816302072},
}

@Article{AppliedSurfaceScience.439.101,
  author   = {Zhang, L. and Kabanov, N. S. and Bampoulis, P. and Saletsky, A. M. and Zandvliet, H. J. W. and Klavsyuk, A. L.},
  title    = {The Au modified Ge(110) surface},
  journal  = {Applied Surface Science},
  year     = {2018},
  volume   = {439},
  pages    = {101--105},
  issn     = {0169-4332},
  doi      = {10.1016/j.apsusc.2018.01.004},
  keywords = {Nanowires, Germanium, Gold, Density functional theory calculations, Scanning tunneling microscopy},
  langid   = {english},
  url      = {http://www.sciencedirect.com/science/article/pii/S0169433218300060},
}

@Article{PhysRevLett.100.196101,
  author    = {Stekolnikov, A. A. and Bechstedt, F. and Wisniewski, M. and Schäfer, J. and Claessen, R.},
  title     = {Atomic Nanowires on the Pt/Ge(001) Surface: Buried Pt-Ge Versus Top Pt-Pt Chains},
  journal   = {Physical Review Letters},
  year      = {2008},
  volume    = {100},
  number    = {19},
  pages     = {196101},
  month     = may,
  doi       = {10.1103/physrevlett.100.196101},
  langid    = {english},
  publisher = {American Physical Society ({APS})},
}

@Article{Mocking2013,
  author    = {Mocking, Tijs F. and Bampoulis, Pantelis and Oncel, Nuri and Poelsema, Bene and Zandvliet, Harold J. W.},
  title     = {Electronically stabilized nanowire growth},
  journal   = {Nature Communications},
  year      = {2013},
  volume    = {4},
  pages     = {2387},
  month     = aug,
  doi       = {10.1038/ncomms3387},
  langid    = {english},
  publisher = {Springer Nature},
}

@Article{AppliedSurfaceScience.404.12,
  author    = {Kabanov, N. S. and Heimbuch, R. and Zandvliet, H. J. W. and Saletsky, A. M. and Klavsyuk, A. L.},
  title     = {Atomic structure of self-organizing iridium induced nanowires on Ge(001)},
  journal   = {Applied Surface Science},
  year      = {2017},
  volume    = {404},
  pages     = {12--17},
  month     = may,
  doi       = {10.1016/j.apsusc.2017.01.206},
  langid    = {english},
  publisher = {Elsevier {BV}},
}

@Article{PhysRevLett.101.236802,
  author    = {Sch\"afer, J. and Blumenstein, C. and Meyer, S. and Wisniewski, M. and Claessen, R.},
  title     = {New Model System for a One-Dimensional Electron Liquid: Self-Organized Atomic Gold Chains on Ge(001)},
  journal   = {Physical Review Letters},
  year      = {2008},
  volume    = {101},
  pages     = {236802},
  month     = dec,
  doi       = {10.1103/PhysRevLett.101.236802},
  issue     = {23},
  langid    = {english},
  numpages  = {4},
  publisher = {American Physical Society},
}

@Article{PhysRevLett.95.116801,
  author    = {Oncel, Nuri and van Houselt, Arie and Huijben, Jeroen and Hallb\"ack, Ann-Sofie and Gurlu, Oguzhan and Zandvliet, Harold J. W. and Poelsema, Bene},
  title     = {Quantum Confinement between Self-Organized Pt Nanowires on Ge(001)},
  journal   = {Physical Review Letters},
  year      = {2005},
  volume    = {95},
  pages     = {116801},
  month     = sep,
  doi       = {10.1103/PhysRevLett.95.116801},
  issue     = {11},
  langid    = {english},
  numpages  = {4},
  publisher = {American Physical Society},
}

@Article{NJP.11.125011,
  author    = {Schaefer, J. and Meyer, S. and Blumenstein, C. and Roensch, K. and Claessen, R. and Mietke, S. and Klinke, M. and Podlich, T. and Matzdorf, R. and Stekolnikov, A. A. and Sauer, S. and Bechstedt, F.},
  title     = {Self-organized atomic nanowires of noble metals on Ge(001): atomic structure and electronic properties},
  journal   = {New Journal of Physics},
  year      = {2009},
  volume    = {11},
  number    = {12},
  pages     = {125011},
  month     = dec,
  doi       = {10.1088/1367-2630/11/12/125011},
  langid    = {english},
  publisher = {{IOP} Publishing},
}

@Article{PhysRevLett.111.137203,
  author    = {Aulbach, J. and Sch\"afer, J. and Erwin, S. C. and Meyer, S. and Loho, C. and Settelein, J. and Claessen, R.},
  title     = {Evidence for Long-Range Spin Order Instead of a Peierls Transition in Si(553)-Au Chains},
  journal   = {Physical Review Letters},
  year      = {2013},
  volume    = {111},
  pages     = {137203},
  month     = sep,
  doi       = {10.1103/PhysRevLett.111.137203},
  issue     = {13},
  langid    = {english},
  numpages  = {5},
  publisher = {American Physical Society},
}

@Article{UFN.154.261,
  author    = {Бинниг, Г. and Рорер, Г.},
  title     = {Сканирующая туннельная микроскопия --- от рождения к юности},
  journal   = {Успехи физических наук},
  year      = {1988},
  volume    = {154},
  number    = {2},
  pages     = {261--278},
  doi       = {10.3367/UFNr.0154.198802d.0261},
  publisher = {Успехи физических наук},
  url       = {https://ufn.ru/ru/articles/1988/2/d/},
}

@Article{UFN.172.336,
  author    = {Кон, В.},
  title     = {Электронная структура вещества --- волновые функции и функционалы плотности},
  journal   = {Успехи физических наук},
  year      = {2002},
  volume    = {172},
  number    = {3},
  pages     = {336},
  doi       = {10.3367/UFNr.0172.200203e.0336},
  publisher = {Успехи физических наук},
  url       = {https://ufn.ru/ru/articles/2002/3/e/},
}

@InBook{Michely2004,
  pages     = {121--226},
  title     = {Pattern Formation in Multilayer Growth},
  publisher = {Springer Berlin Heidelberg},
  year      = {2004},
  author    = {Michely, Thomas and Krug, Joachim},
  address   = {Berlin, Heidelberg},
  isbn      = {978-3-642-18672-1},
  booktitle = {Islands, Mounds and Atoms},
  doi       = {10.1007/978-3-642-18672-1_4},
  langid    = {english},
}

@Article{SurfaceScience.642.22,
  author   = {Mińkowski, Marcin and Załuska-Kotur, Magdalena A.},
  title    = {Diffusion of Cu adatoms and dimers on Cu(111) and Ag(111) surfaces},
  journal  = {Surface Science},
  year     = {2015},
  volume   = {642},
  pages    = {22--32},
  issn     = {0039-6028},
  doi      = {10.1016/j.susc.2015.07.026},
  keywords = {Surface diffusion, Cluster diffusion},
  langid   = {english},
  url      = {http://www.sciencedirect.com/science/article/pii/S0039602815002186},
}

@Article{JETP.151.160,
  author  = {Сыромятников, А. Г. and Кабанов, Н. С. and Салецкий, А. М. and Клавсюк, А. Л.},
  title   = {Формирование и структурный фазовый переход в атомных цепочках {C}o на поверхности {C}u(775)},
  journal = {ЖЭТФ},
  year    = {2017},
  volume  = {151},
  number  = {1},
  pages   = {160--164},
  doi     = {10.7868/S004445101701014X},
  url     = {http://www.jetp.ac.ru/cgi-bin/e/index/r/151/1/p160?a=list},
}

@Article{Cochrane1936,
  author   = {Cochrane, William},
  title    = {The structure of some metallic deposits on a copper single crystal as determined by electron-diffraction},
  journal  = {Proceedings of the Physical Society},
  year     = {1936},
  volume   = {48},
  number   = {5},
  pages    = {723},
  doi      = {10.1088/0959-5309/48/5/305},
  langid   = {english},
  language = {english},
  url      = {http://stacks.iop.org/0959-5309/48/i=5/a=305},
}

@Article{Figuera1995,
  author   = {de la Figuera, J. and Huerta-Garnica, M. A. and Prieto, J. E. and Ocal, C. and Miranda, R.},
  title    = {Fabrication of magnetic quantum wires by step-flow growth of cobalt on copper surfaces},
  journal  = {Applied Physics Letters},
  year     = {1995},
  volume   = {66},
  number   = {8},
  pages    = {1006--1008},
  doi      = {10.1063/1.113587},
  langid   = {english},
  language = {english},
}

@Article{Figuera1994,
  author   = {de la Figuera, J. and Prieto, J. E. and Ocal, C. and Miranda, R.},
  title    = {Surface etching and enhanced diffusion during the early stages of the growth of Co on Cu(111)},
  journal  = {Surface Science},
  year     = {1994},
  volume   = {307–309, Part A},
  pages    = {538--543},
  issn     = {0039-6028},
  doi      = {10.1016/0039-6028(94)90450-2},
  langid   = {english},
  language = {english},
  url      = {http://www.sciencedirect.com/science/article/pii/0039602894904502},
}

@Article{Pedersen1997,
  author   = {Pedersen, M.{\O}. and B{\"{o}}nicke, I. A. and Laegsgaard, E. and Stensgaard, I. and Ruban, A. and N{\o}rskov, J. K. and Besenbacher, F.},
  title    = {Growth of Co on Cu(111): subsurface growth of trilayer Co islands},
  journal  = {Surface Science},
  year     = {1997},
  volume   = {387},
  number   = {1–3},
  pages    = {86--101},
  issn     = {0039-6028},
  doi      = {10.1016/S0039-6028(97)00270-7},
  keywords = {Cobalt},
  langid   = {english},
  language = {english},
  url      = {http://www.sciencedirect.com/science/article/pii/S0039602897002707},
}

@Article{PhysRevB.62.2126,
  author    = {Prieto, J. E. and de la Figuera, J. and Miranda, R.},
  title     = {Surface energetics in a heteroepitaxial model system: Co/Cu(111)},
  journal   = {Physical Review B},
  year      = {2000},
  volume    = {62},
  number    = {3},
  pages     = {2126--2133},
  month     = jul,
  doi       = {10.1103/PhysRevB.62.2126},
  issue     = {3},
  langid    = {english},
  language  = {english},
  numpages  = {0},
  publisher = {American Physical Society},
}

@Article{PhysRevB.80.155419,
  author    = {Zaki, Nader and Potapenko, Denis and Johnson, Peter D. and Osgood, Richard M.},
  title     = {Atom-wide Co wires on Cu(775) at room temperature},
  journal   = {Physical Review B},
  year      = {2009},
  volume    = {80},
  pages     = {155419},
  month     = oct,
  doi       = {10.1103/PhysRevB.80.155419},
  issue     = {15},
  langid    = {english},
  language  = {english},
  numpages  = {7},
  publisher = {American Physical Society},
}

@Article{PhysRevB.47.13043,
  author    = {de la Figuera, J. and Prieto, J. E. and Ocal, C. and Miranda, R.},
  title     = {Scanning-tunneling-microscopy study of the growth of cobalt on Cu(111)},
  journal   = {Physical Review B},
  year      = {1993},
  volume    = {47},
  pages     = {13043--13046},
  month     = may,
  doi       = {10.1103/PhysRevB.47.13043},
  issue     = {19},
  langid    = {english},
  language  = {english},
  numpages  = {0},
  publisher = {American Physical Society},
}

@Article{PhysRevB.73.193405,
  author    = {Guo, Jiandong and Mo, Yina and Kaxiras, Efthimios and Zhang, Zhenyu and Weitering, H. H.},
  title     = {Formation of monatomic Fe chains on vicinal $\mathrm{Cu}(111)$ surfaces: An atomistic view},
  journal   = {Physical Review B},
  year      = {2006},
  volume    = {73},
  pages     = {193405},
  month     = may,
  doi       = {10.1103/PhysRevB.73.193405},
  issue     = {19},
  langid    = {english},
  language  = {english},
  numpages  = {4},
  publisher = {American Physical Society},
}

@Article{Chang2006,
  author    = {Chang, H. W. and Yuan, F. T. and Yao, Y. D. and Cheng, W. Y. and Su, W. B. and Chang, C. S. and Lee, C. W. and Cheng, W. C.},
  title     = {Step edge growth of Co nanoislands on Cu(111) surface},
  journal   = {Journal of Applied Physics},
  year      = {2006},
  volume    = {100},
  number    = {8},
  pages     = {084304},
  month     = oct,
  doi       = {10.1063/1.2357997},
  langid    = {english},
  publisher = {{AIP} Publishing},
}

@Article{Speller1998,
  author   = {Speller, S. and Degroote, S. and Dekoster, J. and Langouche, G. and Ortega, J. E. and N{\"{a}}rmann, A.},
  title    = {Low-temperature deposition of Co on Cu(111): effects on step etching},
  journal  = {Surface Science},
  year     = {1998},
  volume   = {405},
  number   = {2–3},
  pages    = {L542 - L548},
  issn     = {0039-6028},
  doi      = {10.1016/S0039-6028(98)00148-4},
  keywords = {Cobalt},
  langid   = {english},
  language = {english},
  url      = {http://www.sciencedirect.com/science/article/pii/S0039602898001484},
}

@Article{PhysRevLett.94.155503,
  author    = {Mo, Yina and Varga, Kalman and Kaxiras, Efthimios and Zhang, Zhenyu},
  title     = {Kinetic Pathway for the Formation of Fe Nanowires on Stepped Cu(111) Surfaces},
  journal   = {Physical Review Letters},
  year      = {2005},
  volume    = {94},
  pages     = {155503},
  month     = apr,
  doi       = {10.1103/PhysRevLett.94.155503},
  issue     = {15},
  langid    = {english},
  language  = {english},
  numpages  = {4},
  publisher = {American Physical Society},
}

% PRB98.045436

@Article{PhysRevB.98.045436,
  author    = {Dolcini, Fabrizio and Rossi, Fausto},
  title     = {Magnetic field effects on a nanowire with inhomogeneous Rashba spin-orbit coupling: Spin properties at equilibrium},
  journal   = {Physical Review B},
  year      = {2018},
  volume    = {98},
  pages     = {045436},
  month     = jul,
  doi       = {10.1103/PhysRevB.98.045436},
  issue     = {4},
  langid    = {english},
  numpages  = {18},
  publisher = {American Physical Society},
}

% PRL110.036801

@Article{PhysRevLett.110.036801,
  author    = {Park, Jewook and Jung, Sung Won and Jung, Min-Cherl and Yamane, Hiroyuki and Kosugi, Nobuhiro and Yeom, Han Woong},
  title     = {Self-Assembled Nanowires with Giant Rashba Split Bands},
  journal   = {Physical Review Letters},
  year      = {2013},
  volume    = {110},
  pages     = {036801},
  month     = jan,
  doi       = {10.1103/PhysRevLett.110.036801},
  issue     = {3},
  langid    = {english},
  numpages  = {5},
  publisher = {American Physical Society},
}

% PRL78.1335

@Article{PhysRevLett.78.1335,
  author    = {Nitta, Junsaku and Akazaki, Tatsushi and Takayanagi, Hideaki and Enoki, Takatomo},
  title     = {Gate Control of Spin-Orbit Interaction in an Inverted I${\mathrm{n}}_{0.53}$G${\mathrm{a}}_{0.47}$As/I${\mathrm{n}}_{0.52}$A${\mathrm{l}}_{0.48}$As Heterostructure},
  journal   = {Physical Review Letters},
  year      = {1997},
  volume    = {78},
  pages     = {1335--1338},
  month     = feb,
  doi       = {10.1103/PhysRevLett.78.1335},
  issue     = {7},
  langid    = {english},
  numpages  = {0},
  publisher = {American Physical Society},
}

% PRL97.226405

@Article{PhysRevLett.97.226405,
  author    = {Barke, I. and Zheng, Fan and R\"ugheimer, T. K. and Himpsel, F. J.},
  title     = {Experimental Evidence for Spin-Split Bands in a One-Dimensional Chain Structure},
  journal   = {Physical Review Letters},
  year      = {2006},
  volume    = {97},
  pages     = {226405},
  month     = dec,
  doi       = {10.1103/PhysRevLett.97.226405},
  issue     = {22},
  langid    = {english},
  numpages  = {4},
  publisher = {American Physical Society},
}

@Article{JAP115.104310,
  author    = {W{\'{o}}jcik, P. and Adamowski, J. and Spisak, B. J. and Wo{\l}oszyn, M.},
  title     = {Spin transistor operation driven by the Rashba spin-orbit coupling in the gated nanowire},
  journal   = {Journal of Applied Physics},
  year      = {2014},
  volume    = {115},
  number    = {10},
  pages     = {104310},
  month     = mar,
  doi       = {10.1063/1.4868691},
  langid    = {english},
  publisher = {{AIP} Publishing},
}

@Article{Rasba84.2,
  author    = {Bychkov, Yu A. and Rashba, E. I.},
  title     = {Oscillatory effects and the magnetic susceptibility of carriers in inversion layers},
  journal   = {Journal of Physics C: Solid State Physics},
  year      = {1984},
  volume    = {17},
  number    = {33},
  pages     = {6039--6045},
  month     = nov,
  doi       = {10.1088/0022-3719/17/33/015},
  langid    = {english},
  publisher = {{IOP} Publishing},
}

@Article{Rasba84.1,
  author  = {Бычков, Ю. А. and Рашба, Э. И.},
  title   = {Свойства двумерного электронного газа со снятым вырождением спектра},
  journal = {Письма в ЖЭТФ},
  year    = {1984},
  volume  = {39},
  number  = {2},
  pages   = {66},
  url     = {http://www.jetpletters.ac.ru/ps/77/article_1379.shtml},
}

@Article{Rashba60,
  author  = {Рашба, Э. И.},
  journal = {Физика твердого тела},
  year    = {1960},
  volume  = {2},
  pages   = {1224},
}

@Article{PhysRevB.81.085410,
  author    = {Vanpoucke, Danny E. P. and Brocks, Geert},
  title     = {Pt-induced nanowires on Ge(001): A density functional theory study},
  journal   = {Physical Review B},
  year      = {2010},
  volume    = {81},
  pages     = {085410},
  month     = feb,
  doi       = {10.1103/PhysRevB.81.085410},
  issue     = {8},
  langid    = {english},
  numpages  = {21},
  publisher = {American Physical Society},
}

@Article{PhysRevB.77.085430,
  author    = {Negulyaev, N. N. and Stepanyuk, V. S. and Hergert, W. and Bruno, P. and Kirschner, J.},
  title     = {Atomic-scale self-organization of Fe nanostripes on stepped Cu(111) surfaces: Molecular dynamics and kinetic Monte Carlo simulations},
  journal   = {Physical Review B},
  year      = {2008},
  volume    = {77},
  pages     = {085430},
  month     = feb,
  doi       = {10.1103/PhysRevB.77.085430},
  issue     = {8},
  langid    = {english},
  numpages  = {9},
  publisher = {American Physical Society},
}

@Article{PhysRevB.64.125423,
  author    = {Ovesson, S. and Bogicevic, A. and Wahnstr\"om, G. and Lundqvist, B. I.},
  title     = {Neglected adsorbate interactions behind diffusion prefactor anomalies on metals},
  journal   = {Physical Review B},
  year      = {2001},
  volume    = {64},
  pages     = {125423},
  month     = sep,
  doi       = {10.1103/PhysRevB.64.125423},
  issue     = {12},
  langid    = {english},
  numpages  = {11},
  publisher = {American Physical Society},
}

@Article{PhysRevLett.114.146104,
  author    = {Zaum, Ch. and Meyer-auf-der-Heide, K. M. and Mehlhorn, M. and McDonough, S. and Schneider, W. F. and Morgenstern, K.},
  title     = {Differences Between Thermal and Laser-Induced Diffusion},
  journal   = {Physical Review Letters},
  year      = {2015},
  volume    = {114},
  pages     = {146104},
  month     = apr,
  doi       = {10.1103/PhysRevLett.114.146104},
  issue     = {14},
  langid    = {english},
  numpages  = {5},
  publisher = {American Physical Society},
}

@Article{JPCM.15.S3311,
  author    = {Kuhnke, K. and Kern, K.},
  title     = {Vicinal metal surfaces as nanotemplates for the growth of low-dimensional structures},
  journal   = {Journal of Physics: Condensed Matter},
  year      = {2003},
  volume    = {15},
  number    = {47},
  pages     = {S3311--S3335},
  month     = nov,
  doi       = {10.1088/0953-8984/15/47/007},
  langid    = {english},
  publisher = {{IOP} Publishing},
}

@Article{PhysRevB.73.245425,
  author    = {Gambardella, P. and Brune, H. and Kern, K. and Marchenko, V. I.},
  title     = {Equilibrium island-size distribution in one dimension},
  journal   = {Physical Review B},
  year      = {2006},
  volume    = {73},
  pages     = {245425},
  month     = jun,
  doi       = {10.1103/PhysRevB.73.245425},
  issue     = {24},
  langid    = {english},
  numpages  = {4},
  publisher = {American Physical Society},
}

@Article{PhysRevB.64.033411,
  author    = {York, S. M. and Leibsle, F. M.},
  title     = {Co nanowire arrays on N-terminated Cu(110) surfaces},
  journal   = {Physical Review B},
  year      = {2001},
  volume    = {64},
  pages     = {033411},
  month     = jun,
  doi       = {10.1103/PhysRevB.64.033411},
  issue     = {3},
  langid    = {english},
  numpages  = {3},
  publisher = {American Physical Society},
}

@Article{PhysRevB.76.033409,
  author    = {Ding, H. F. and Stepanyuk, V. S. and Ignatiev, P. A. and Negulyaev, N. N. and Niebergall, L. and Wasniowska, M. and Gao, C. L. and Bruno, P. and Kirschner, J.},
  title     = {Self-organized long-period adatom strings on stepped metal surfaces: Scanning tunneling microscopy, ab initio calculations, and kinetic Monte Carlo simulations},
  journal   = {Physical Review B},
  year      = {2007},
  volume    = {76},
  pages     = {033409},
  month     = jul,
  doi       = {10.1103/PhysRevB.76.033409},
  issue     = {3},
  langid    = {english},
  numpages  = {4},
  publisher = {American Physical Society},
}

@Article{Bellisario2009,
  author    = {Bellisario, Darin O. and Han, Jeong Woo and Tierney, Heather L. and Baber, Ashleigh E. and Sholl, David S. and Sykes, E. Charles H.},
  title     = {Importance of Kinetics in Surface Alloying: A Comparison of the Diffusion Pathways of Pd and Ag Atoms on Cu(111)},
  journal   = {Journal of Physical Chemistry C},
  year      = {2009},
  volume    = {113},
  number    = {29},
  pages     = {12863--12869},
  month     = jun,
  doi       = {10.1021/jp903541k},
  langid    = {english},
  publisher = {American Chemical Society ({ACS})},
}

@Article{PhysRevB.76.245407,
  author    = {Kim, Sung Youb and Lee, In-Ho and Jun, Sukky},
  title     = {Transition-pathway models of atomic diffusion on fcc metal surfaces. I. Flat surfaces},
  journal   = {Physical Review B},
  year      = {2007},
  volume    = {76},
  pages     = {245407},
  month     = dec,
  doi       = {10.1103/PhysRevB.76.245407},
  issue     = {24},
  langid    = {english},
  numpages  = {15},
  publisher = {American Physical Society},
}

@Article{PhysicsReports.388.1,
  author   = {Zandvliet, Harold J. W.},
  title    = {The Ge(001) surface},
  journal  = {Physics Reports},
  year     = {2003},
  volume   = {388},
  number   = {1},
  pages    = {1--40},
  issn     = {0370-1573},
  doi      = {10.1016/j.physrep.2003.09.001},
  keywords = {Germanium (001) surface, Surface thermodynamics, Scanning tunneling microscopy},
  langid   = {english},
  url      = {http://www.sciencedirect.com/science/article/pii/S037015730300334X},
}

@Article{PhysRevB.34.5343,
  author    = {Hamers, R. J. and Tromp, R. M. and Demuth, J. E.},
  title     = {Scanning tunneling microscopy of Si(001)},
  journal   = {Physical Review B},
  year      = {1986},
  volume    = {34},
  pages     = {5343--5357},
  month     = oct,
  doi       = {10.1103/PhysRevB.34.5343},
  issue     = {8},
  langid    = {english},
  numpages  = {0},
  publisher = {American Physical Society},
}

@Article{SurfaceScience.417.220,
  author   = {Mottet, C. and Ferrando, R. and Hontinfinde, F. and Levi, A. C.},
  title    = {A Monte Carlo simulation of submonolayer homoepitaxial growth on Ag(110) and Cu(110)},
  journal  = {Surface Science},
  year     = {1998},
  volume   = {417},
  number   = {2},
  pages    = {220--237},
  issn     = {0039-6028},
  doi      = {10.1016/S0039-6028(98)00611-6},
  keywords = {Computer simulation, Copper, Epitaxy, Growth, Silver},
  langid   = {english},
  url      = {http://www.sciencedirect.com/science/article/pii/S0039602898006116},
}

@Article{Nature.366.141,
  author    = {R\"{o}der, Holger and Hahn, Elmar and Brune, Harald and Bucher, Jean-Pierre and Kern, Klaus},
  title     = {Building one- and two-dimensional nanostructures by diffusion-controlled aggregation at surfaces},
  journal   = {Nature},
  year      = {1993},
  volume    = {366},
  number    = {6451},
  pages     = {141--143},
  month     = nov,
  doi       = {10.1038/366141a0},
  langid    = {english},
  publisher = {Springer Science and Business Media {LLC}},
}

@Article{JPCM.25.014010,
  author    = {Oncel, Nuri and Nicholls, Dylan},
  title     = {Iridium silicide nanowires on Si(001) surfaces},
  journal   = {Journal of Physics: Condensed Matter},
  year      = {2012},
  volume    = {25},
  number    = {1},
  pages     = {014010},
  month     = dec,
  doi       = {10.1088/0953-8984/25/1/014010},
  langid    = {english},
  publisher = {{IOP} Publishing},
}

@Article{PhysRevLett.88.226104,
  author    = {Owen, J. H. G. and Miki, K. and Koh, H. and Yeom, H. W. and Bowler, D. R.},
  title     = {Stress Relief as the Driving Force for Self-Assembled Bi Nanolines},
  journal   = {Physical Review Letters},
  year      = {2002},
  volume    = {88},
  pages     = {226104},
  month     = may,
  doi       = {10.1103/PhysRevLett.88.226104},
  issue     = {22},
  langid    = {english},
  numpages  = {4},
  publisher = {American Physical Society},
}

@Article{PhysRevB.89.155319,
  author    = {Lukanov, Boris R. and Garrity, Kevin F. and Ismail-Beigi, Sohrab and Altman, Eric I.},
  title     = {Formation and atomic structure of ordered Sr-induced nanostrips on Ge(100)},
  journal   = {Physical Review B},
  year      = {2014},
  volume    = {89},
  pages     = {155319},
  month     = apr,
  doi       = {10.1103/PhysRevB.89.155319},
  issue     = {15},
  langid    = {english},
  numpages  = {8},
  publisher = {American Physical Society},
}

@Article{PhysRevLett.105.116102,
  author    = {Wang, Jian-Tao and Chen, Changfeng and Wang, Enge and Kawazoe, Yoshiyuki},
  title     = {Magic Monatomic Linear Chains for Mn Nanowire Self-Assembly on Si(001)},
  journal   = {Physical Review Letters},
  year      = {2010},
  volume    = {105},
  pages     = {116102},
  month     = sep,
  doi       = {10.1103/PhysRevLett.105.116102},
  issue     = {11},
  langid    = {english},
  numpages  = {4},
  publisher = {American Physical Society},
}

@Article{SurfaceScience.602.986,
  author   = {Liu, Hui and Reinke, Petra},
  title    = {Formation of manganese nanostructures on the Si(100)-(2?1) surface},
  journal  = {Surface Science},
  year     = {2008},
  volume   = {602},
  number   = {4},
  pages    = {986--992},
  issn     = {0039-6028},
  doi      = {10.1016/j.susc.2007.12.043},
  keywords = {Manganese, Silicon, Scanning tunneling microscopy, Monoatomic wire, Chemisorption, Self-assembly},
  langid   = {english},
  url      = {http://www.sciencedirect.com/science/article/pii/S0039602807012502},
}

@Article{SurfaceScience.605.L29,
  author  = {Nolph, C. A. and Liu, H. and Reinke, P.},
  title   = {Bonding geometry of Mn-wires on the Si(100)(2?1) surface},
  journal = {Surface Science},
  year    = {2011},
  volume  = {605},
  number  = {13},
  pages   = {L29 - L32},
  issn    = {0039-6028},
  doi     = {10.1016/j.susc.2011.04.017},
  langid  = {english},
  url     = {http://www.sciencedirect.com/science/article/pii/S0039602811001439},
}

@Article{JPhysCondensMatter.24.095005,
  author    = {Liu, H. J. and Owen, J. H. G. and Miki, K.},
  title     = {Degenerate electronic structure of reconstructed {MnSi}1.7nanowires on Si(001)},
  journal   = {Journal of Physics: Condensed Matter},
  year      = {2012},
  volume    = {24},
  number    = {9},
  pages     = {095005},
  month     = jan,
  doi       = {10.1088/0953-8984/24/9/095005},
  langid    = {english},
  publisher = {{IOP} Publishing},
}

@PhdThesis{KolesnikovPHD2010,
  author  = {Колесников, С. В.},
  title   = {Исследование самоорганизации наноструктур на поверхности меди},
  school  = {Московский государственный университет им.~М.~В.~Ломоносова},
  year    = {2010},
  type    = {Диссертация на соискание ученой степени кандидата физ.-мат. наук},
  address = {Москва},
}

@Article{PhysRevE.80.061603,
  author    = {Koc\'an, Pavel and Sobot\'{\i}k, Pavel and O\ifmmode \check{s}\else \v{s}\fi{}t'\'adal, Ivan and Setv\'{\i}n, Martin and Haviar, Stanislav},
  title     = {Modeling growth of one-dimensional islands: Influence of reactive defects},
  journal   = {Physical Review E},
  year      = {2009},
  volume    = {80},
  pages     = {061603},
  month     = dec,
  doi       = {10.1103/PhysRevE.80.061603},
  issue     = {6},
  langid    = {english},
  numpages  = {7},
  publisher = {American Physical Society},
}

@Article{Landauer,
  author    = {Landauer, Rolf},
  title     = {Electrical resistance of disordered one-dimensional lattices},
  journal   = {Philosophical Magazine},
  year      = {1970},
  volume    = {21},
  number    = {172},
  pages     = {863--867},
  month     = apr,
  doi       = {10.1080/14786437008238472},
  langid    = {english},
  publisher = {Informa {UK} Limited},
}

@Article{PhysRevLett.57.1761,
  author    = {B\"uttiker, M.},
  title     = {Four-Terminal Phase-Coherent Conductance},
  journal   = {Physical Review Letters},
  year      = {1986},
  volume    = {57},
  pages     = {1761--1764},
  month     = oct,
  doi       = {10.1103/PhysRevLett.57.1761},
  issue     = {14},
  langid    = {english},
  numpages  = {0},
  publisher = {American Physical Society},
}

@Book{Datta,
  title     = {Electronic Transport in Mesoscopic Systems},
  publisher = {Cambridge University Press},
  year      = {1995},
  author    = {Datta, Supriyo},
  month     = sep,
  isbn      = {9780511805776},
  doi       = {10.1017/cbo9780511805776},
  langid    = {english},
}

@Article{PhysE,
  author    = {Koeik, Zeinab and Sakr, M. R.},
  title     = {Electron thermal conductance in a ballistic nanowire in the presence of Rashba interaction and an in-plane magnetic field},
  journal   = {Physica E: Low-dimensional Systems and Nanostructures},
  year      = {2015},
  volume    = {74},
  pages     = {527--530},
  month     = nov,
  doi       = {10.1016/j.physe.2015.08.019},
  langid    = {english},
  publisher = {Elsevier {BV}},
}

@InProceedings{Yoh,
  author    = {Yoh, Kanji and Cui, Z. and Konishi, K. and Ohno, M. and Blekker, K. and Prost, W. and Tegude, F.-J. and Harmand, J.-C.},
  title     = {An {InAs} nanowire spin transistor with subthreshold slope of 20mV/dec},
  booktitle = {70th Device Research Conference},
  year      = {2012},
  month     = jun,
  publisher = {{IEEE}},
  doi       = {10.1109/drc.2012.6256935},
  langid    = {english},
}

@Article{SciRep2017,
  author    = {Kopciuszy{\'{n}}ski, Marek and Krawiec, Mariusz and Zdyb, Ryszard and Ja{\l}ochowski, Mieczys{\l}aw},
  title     = {Purely one-dimensional bands with a giant spin-orbit splitting: Pb nanoribbons on Si(553) surface},
  journal   = {Scientific Reports},
  year      = {2017},
  volume    = {7},
  number    = {1},
  month     = apr,
  doi       = {10.1038/srep46215},
  langid    = {english},
  publisher = {Springer Science and Business Media {LLC}},
}

@Article{BRUNE1998125,
  author   = {Brune, Harald},
  title    = {Microscopic view of epitaxial metal growth: nucleation and aggregation},
  journal  = {Surface Science Reports},
  year     = {1998},
  volume   = {31},
  number   = {4},
  pages    = {125--229},
  issn     = {0167-5729},
  doi      = {10.1016/S0167-5729(99)80001-6},
  keywords = {Epitaxy, Nucleation, Aggregation, Self-organization, Nanostructures, STM},
  langid   = {english},
  url      = {http://www.sciencedirect.com/science/article/pii/S0167572999800016},
}

@Article{EVANS20061,
  author   = {Evans, J. W. and Thiel, P. A. and Bartelt, M. C.},
  title    = {Morphological evolution during epitaxial thin film growth: Formation of 2D islands and 3D mounds},
  journal  = {Surface Science Reports},
  year     = {2006},
  volume   = {61},
  number   = {1},
  pages    = {1--128},
  issn     = {0167-5729},
  doi      = {10.1016/j.surfrep.2005.08.004},
  keywords = {Homoepitaxial thin film growth, Island nucleation and growth, Multilayer kinetic roughening, Mound formation, Surface diffusion, Step-edge barrier, Atomistic lattice–gas models, Kinetic Monte Carlo simulation},
  langid   = {english},
  url      = {http://www.sciencedirect.com/science/article/pii/S0167572906000021},
}

@Article{RevModPhys.85.921,
  author    = {Einax, Mario and Dieterich, Wolfgang and Maass, Philipp},
  title     = {Colloquium: Cluster growth on surfaces: Densities, size distributions, and morphologies},
  journal   = {Reviews of Modern Physics},
  year      = {2013},
  volume    = {85},
  pages     = {921--939},
  month     = jul,
  doi       = {10.1103/RevModPhys.85.921},
  issue     = {3},
  langid    = {english},
  numpages  = {0},
  publisher = {American Physical Society},
}

@Article{Dieterich2008,
  author    = {Dieterich, W. and Einax, M. and Maass, P.},
  title     = {Stochastic theories and scaling relations for early-stage surface growth},
  journal   = {The European Physical Journal Special Topics},
  year      = {2008},
  volume    = {161},
  number    = {1},
  pages     = {151--165},
  month     = jul,
  doi       = {10.1140/epjst/e2008-00757-0},
  langid    = {english},
  publisher = {Springer Science and Business Media {LLC}},
}

@Article{PhysRevLett.52.1669,
  author    = {Vicsek, Tam\'as and Family, Fereydoon},
  title     = {Dynamic Scaling for Aggregation of Clusters},
  journal   = {Physical Review Letters},
  year      = {1984},
  volume    = {52},
  pages     = {1669--1672},
  month     = may,
  doi       = {10.1103/PhysRevLett.52.1669},
  issue     = {19},
  langid    = {english},
  numpages  = {0},
  publisher = {American Physical Society},
}

@Article{PhysRevB.46.12675,
  author    = {Bartelt, M. C. and Evans, J. W.},
  title     = {Scaling analysis of diffusion-mediated island growth in surface adsorption processes},
  journal   = {Physical Review B},
  year      = {1992},
  volume    = {46},
  pages     = {12675--12687},
  month     = nov,
  doi       = {10.1103/PhysRevB.46.12675},
  issue     = {19},
  langid    = {english},
  numpages  = {0},
  publisher = {American Physical Society},
}

@Article{PhysRevE.91.042408,
  author    = {Dubrovskii, V. G. and Sibirev, N. V.},
  title     = {Analytic scaling function for island-size distributions},
  journal   = {Physical Review E},
  year      = {2015},
  volume    = {91},
  pages     = {042408},
  month     = apr,
  doi       = {10.1103/PhysRevE.91.042408},
  issue     = {4},
  langid    = {english},
  numpages  = {5},
  publisher = {American Physical Society},
}

@Article{PhysRevE.90.032406,
  author    = {Joshi, Chakra P. and Shim, Yunsic and Bigioni, Terry P. and Amar, Jacques G.},
  title     = {Critical island size, scaling, and ordering in colloidal nanoparticle self-assembly},
  journal   = {Physical Review E},
  year      = {2014},
  volume    = {90},
  pages     = {032406},
  month     = sep,
  doi       = {10.1103/PhysRevE.90.032406},
  issue     = {3},
  langid    = {english},
  numpages  = {12},
  publisher = {American Physical Society},
}

@Article{PhysRevB.89.054305,
  author    = {Dubrovskii, V. G. and Sibirev, N. V.},
  title     = {Size distributions, scaling properties, and Bartelt-Evans singularities in irreversible growth with size-dependent capture coefficients},
  journal   = {Physical Review B},
  year      = {2014},
  volume    = {89},
  pages     = {054305},
  month     = feb,
  doi       = {10.1103/PhysRevB.89.054305},
  issue     = {5},
  langid    = {english},
  numpages  = {13},
  publisher = {American Physical Society},
}

@Article{PhysRevB.86.115402,
  author    = {Oliveira, T. J. and Aar\ ao Reis, F. D. A.},
  title     = {Crossover in the scaling of island size and capture zone distributions},
  journal   = {Physical Review B},
  year      = {2012},
  volume    = {86},
  pages     = {115402},
  month     = sep,
  doi       = {10.1103/PhysRevB.86.115402},
  issue     = {11},
  langid    = {english},
  numpages  = {8},
  publisher = {American Physical Society},
}

@Article{PhysRevB.86.085403,
  author    = {K\"orner, Martin and Einax, Mario and Maass, Philipp},
  title     = {Capture numbers and island size distributions in models of submonolayer surface growth},
  journal   = {Physical Review B},
  year      = {2012},
  volume    = {86},
  pages     = {085403},
  month     = aug,
  doi       = {10.1103/PhysRevB.86.085403},
  issue     = {8},
  langid    = {english},
  numpages  = {11},
  publisher = {American Physical Society},
}

@Article{PhysRevB.82.201401,
  author    = {K\"orner, Martin and Einax, Mario and Maass, Philipp},
  title     = {Island size distributions in submonolayer growth: Prediction by mean field theory with coverage dependent capture numbers},
  journal   = {Physical Review B},
  year      = {2010},
  volume    = {82},
  pages     = {201401},
  month     = nov,
  doi       = {10.1103/PhysRevB.82.201401},
  issue     = {20},
  langid    = {english},
  numpages  = {4},
  publisher = {American Physical Society},
}

@Article{PhysRevLett.99.226102,
  author    = {Pimpinelli, Alberto and Einstein, T. L.},
  title     = {Capture-Zone Scaling in Island Nucleation: Universal Fluctuation Behavior},
  journal   = {Physical Review Letters},
  year      = {2007},
  volume    = {99},
  pages     = {226102},
  month     = nov,
  doi       = {10.1103/PhysRevLett.99.226102},
  issue     = {22},
  langid    = {english},
  numpages  = {4},
  publisher = {American Physical Society},
}

@Article{PhysRevB.71.245411,
  author    = {Shi, Feng and Shim, Yunsic and Amar, Jacques G.},
  title     = {Island-size distribution and capture numbers in three-dimensional nucleation: Comparison with mean-field behavior},
  journal   = {Physical Review B},
  year      = {2005},
  volume    = {71},
  pages     = {245411},
  month     = jun,
  doi       = {10.1103/PhysRevB.71.245411},
  issue     = {24},
  langid    = {english},
  numpages  = {6},
  publisher = {American Physical Society},
}

@Article{PhysRevB.67.155403,
  author    = {Gibou, Fr\'ed\'eric and Ratsch, Christian and Caflisch, Russel},
  title     = {Capture numbers in rate equations and scaling laws for epitaxial growth},
  journal   = {Physical Review B},
  year      = {2003},
  volume    = {67},
  pages     = {155403},
  month     = apr,
  doi       = {10.1103/PhysRevB.67.155403},
  issue     = {15},
  langid    = {english},
  numpages  = {4},
  publisher = {American Physical Society},
}

@Article{PhysRevB.63.115401,
  author    = {Gibou, F. G. and Ratsch, C. and Gyure, M. F. and Chen, S. and Caflisch, R. E.},
  title     = {Rate equations and capture numbers with implicit islands correlations},
  journal   = {Physical Review B},
  year      = {2001},
  volume    = {63},
  pages     = {115401},
  month     = feb,
  doi       = {10.1103/PhysRevB.63.115401},
  issue     = {11},
  langid    = {english},
  numpages  = {4},
  publisher = {American Physical Society},
}

@Article{PhysRevB.63.235408,
  author    = {Evans, J. W. and Bartelt, M. C.},
  title     = {Nucleation, adatom capture, and island size distributions: Unified scaling analysis for submonolayer deposition},
  journal   = {Physical Review B},
  year      = {2001},
  volume    = {63},
  pages     = {235408},
  month     = may,
  doi       = {10.1103/PhysRevB.63.235408},
  issue     = {23},
  langid    = {english},
  numpages  = {15},
  publisher = {American Physical Society},
}

@Article{PhysRevB.62.15435,
  author    = {Vvedensky, D. D.},
  title     = {Scaling functions for island-size distributions},
  journal   = {Physical Review B},
  year      = {2000},
  volume    = {62},
  pages     = {15435--15438},
  month     = dec,
  doi       = {10.1103/PhysRevB.62.15435},
  issue     = {23},
  langid    = {english},
  numpages  = {0},
  publisher = {American Physical Society},
}

@Article{PhysRevB.55.2556,
  author    = {Jensen, Pablo and Larralde, Hern\'an and Pimpinelli, Alberto},
  title     = {Effect of monomer evaporation on a simple model of submonolayer growth},
  journal   = {Physical Review B},
  year      = {1997},
  volume    = {55},
  pages     = {2556--2569},
  month     = jan,
  doi       = {10.1103/PhysRevB.55.2556},
  issue     = {4},
  langid    = {english},
  numpages  = {0},
  publisher = {American Physical Society},
}

@Article{PhysRevB.55.R1973,
  author    = {Bales, G. S. and Zangwill, A.},
  title     = {Self-consistent rate theory of submonolayer homoepitaxy with attachment/detachment kinetics},
  journal   = {Physical Review B},
  year      = {1997},
  volume    = {55},
  pages     = {R1973--R1976},
  month     = jan,
  doi       = {10.1103/PhysRevB.55.R1973},
  issue     = {4},
  langid    = {english},
  numpages  = {0},
  publisher = {American Physical Society},
}

@Article{PhysRevB.54.R17359,
  author    = {Bartelt, M. C. and Evans, J. W.},
  title     = {Exact island-size distributions for submonolayer deposition: Influence of correlations between island size and separation},
  journal   = {Physical Review B},
  year      = {1996},
  volume    = {54},
  pages     = {R17359--R17362},
  month     = dec,
  doi       = {10.1103/PhysRevB.54.R17359},
  issue     = {24},
  langid    = {english},
  numpages  = {0},
  publisher = {American Physical Society},
}

@Article{PhysRevLett.74.2066,
  author    = {Amar, Jacques G. and Family, Fereydoon},
  title     = {Critical Cluster Size: Island Morphology and Size Distribution in Submonolayer Epitaxial Growth},
  journal   = {Physical Review Letters},
  year      = {1995},
  volume    = {74},
  pages     = {2066--2069},
  month     = mar,
  doi       = {10.1103/PhysRevLett.74.2066},
  issue     = {11},
  langid    = {english},
  numpages  = {0},
  publisher = {American Physical Society},
}

@Article{PhysRevB.50.6057,
  author    = {Bales, G. S. and Chrzan, D. C.},
  title     = {Dynamics of irreversible island growth during submonolayer epitaxy},
  journal   = {Physical Review B},
  year      = {1994},
  volume    = {50},
  pages     = {6057--6067},
  month     = sep,
  doi       = {10.1103/PhysRevB.50.6057},
  issue     = {9},
  langid    = {english},
  numpages  = {0},
  publisher = {American Physical Society},
}

@Article{JTcPL-2015-41-5,
  author  = {Дубровский, В. Г. and Бердников, Ю. С. and Соколова, Ж. В.},
  title   = {Скейлинг-функции распределения гетерогенных кластеров по размерам в линейной модели коэффициентов захвата},
  journal = {Письма в ЖТФ},
  year    = {2015},
  volume  = {41},
  number  = {5},
  pages   = {74--83},
  url     = {https://journals.ioffe.ru/articles/41570},
}

@Book{Dubrovskii9783642396595,
  title     = {Nucleation Theory and Growth of Nanostructures},
  publisher = {Springer-Verlag Berlin Heidelberg},
  year      = {2014},
  author    = {Dubrovskii, Vladimir G.},
  edition   = {1},
  isbn      = {978-3-642-39660-1},
  doi       = {10.1007/978-3-642-39660-1},
  langid    = {english},
}

@Article{Berdnikov_2014,
  author    = {Berdnikov, Yury and Dubrovskii, Vladimir G.},
  title     = {Size distributions and scaling relations for heterogeneous nucleation and growth of atomic chains},
  journal   = {Journal of Physics: Conference Series},
  year      = {2014},
  volume    = {541},
  pages     = {012089},
  month     = oct,
  doi       = {10.1088/1742-6596/541/1/012089},
  langid    = {english},
  publisher = {{IOP} Publishing},
}

@Article{Venables1984,
  author    = {Venables, J. A. and Spiller, G. D. T. and Hanbucken, M.},
  title     = {Nucleation and growth of thin films},
  journal   = {Reports on Progress in Physics},
  year      = {1984},
  volume    = {47},
  number    = {4},
  pages     = {399--459},
  month     = apr,
  doi       = {10.1088/0034-4885/47/4/002},
  langid    = {english},
  publisher = {{IOP} Publishing},
}

@Article{Venables1973,
  author    = {Venables, J. A.},
  title     = {Rate equation approaches to thin film nucleation kinetics},
  journal   = {Philosophical Magazine},
  year      = {1973},
  volume    = {27},
  number    = {3},
  pages     = {697--738},
  month     = mar,
  doi       = {10.1080/14786437308219242},
  langid    = {english},
  publisher = {Informa {UK} Limited},
}

@Article{Stoyanov1981,
  author  = {Stoyanov, S. and Kashchiev, D.},
  title   = {Thin Film Nucleation and Growth Theories: A Confrontation with Experiment},
  journal = {Current topics in materials science},
  year    = {1981},
  volume  = {7},
  pages   = {69--141},
  issn    = {01651854},
  langid  = {english},
}

@Article{PhysRevB.68.121401,
  author    = {Li, Maozhi and Bartelt, M. C. and Evans, J. W.},
  title     = {Geometry-based simulation of submonolayer film growth},
  journal   = {Physical Review B},
  year      = {2003},
  volume    = {68},
  pages     = {121401},
  month     = sep,
  doi       = {10.1103/PhysRevB.68.121401},
  issue     = {12},
  langid    = {english},
  numpages  = {4},
  publisher = {American Physical Society},
}

@Article{Walton1962,
  author    = {Walton, D.},
  title     = {Nucleation of Vapor Deposits},
  journal   = {Journal of Chemical Physics},
  year      = {1962},
  volume    = {37},
  number    = {10},
  pages     = {2182--2188},
  month     = nov,
  doi       = {10.1063/1.1732985},
  langid    = {english},
  publisher = {{AIP} Publishing},
}

@Article{Li2003,
  author    = {Li, Maozhi and Evans, J. W.},
  title     = {Geometry-based simulation ({GBS}) algorithms for island nucleation and growth during sub-monolayer deposition},
  journal   = {Surface Science},
  year      = {2003},
  volume    = {546},
  number    = {2-3},
  pages     = {127--148},
  month     = dec,
  doi       = {10.1016/j.susc.2003.09.028},
  langid    = {english},
  publisher = {Elsevier {BV}},
}

@Article{Li2005,
  author    = {Li, Maozhi and Evans, J. W.},
  title     = {Modeling of Island Formation During Submonolayer Deposition: A Stochastic Geometry-Based Simulation Approach},
  journal   = {Multiscale Modeling and Simulation},
  year      = {2005},
  volume    = {3},
  number    = {3},
  pages     = {629--657},
  month     = jan,
  doi       = {10.1137/040606569},
  langid    = {english},
  publisher = {Society for Industrial {\&} Applied Mathematics ({SIAM})},
}

@Article{PhysRevB.60.5991,
  author    = {Brune, Harald and Bales, G. Steven and Jacobsen, Joachim and Boragno, Corrado and Kern, Klaus},
  title     = {Measuring surface diffusion from nucleation island densities},
  journal   = {Physical Review B},
  year      = {1999},
  volume    = {60},
  pages     = {5991--6006},
  month     = aug,
  doi       = {10.1103/PhysRevB.60.5991},
  issue     = {8},
  langid    = {english},
  numpages  = {0},
  publisher = {American Physical Society},
}

@Article{PhysRevB.69.033401,
  author    = {Amar, J. G. and Popescu, M. N.},
  title     = {Asymptotic capture number and island size distributions for one-dimensional irreversible submonolayer growth},
  journal   = {Physical Review B},
  year      = {2004},
  volume    = {69},
  pages     = {033401},
  month     = jan,
  doi       = {10.1103/PhysRevB.69.033401},
  issue     = {3},
  langid    = {english},
  numpages  = {4},
  publisher = {American Physical Society},
}

@Article{PhysRevB.72.035426,
  author    = {Albao, M. A. and Evans, M. M. R. and Nogami, J. and Zorn, D. and Gordon, M. S. and Evans, J. W.},
  title     = {Monotonically decreasing size distributions for one-dimensional Ga rows on Si(100)},
  journal   = {Physical Review B},
  year      = {2005},
  volume    = {72},
  pages     = {035426},
  month     = jul,
  doi       = {10.1103/PhysRevB.72.035426},
  issue     = {3},
  langid    = {english},
  numpages  = {8},
  publisher = {American Physical Society},
}

@Article{PhysRevB.74.115414,
  author    = {Tokar, V. I. and Dreyss\'e, H.},
  title     = {Scaling in the equilibrium size distribution of one-di\-men\-sion\-al surface clusters},
  journal   = {Physical Review B},
  year      = {2006},
  volume    = {74},
  pages     = {115414},
  month     = sep,
  doi       = {10.1103/PhysRevB.74.115414},
  issue     = {11},
  langid    = {english},
  numpages  = {5},
  publisher = {American Physical Society},
}

@Article{PhysRevB.79.165424,
  author    = {Javorsk\'y, Jakub and Setv\'{\i}n, Martin and O\ifmmode \check{s}\else \v{s}\fi{}t'\'adal, Ivan and Sobot\'{\i}k, Pavel and Kotrla, Miroslav},
  title     = {Heterogeneous nucleation and adatom detachment at one-dimensional growth of In on $\text{Si}(100)\text{\ensuremath{-}}2\ifmmode\times\else\texttimes\fi{}1$},
  journal   = {Physical Review B},
  year      = {2009},
  volume    = {79},
  pages     = {165424},
  month     = apr,
  doi       = {10.1103/PhysRevB.79.165424},
  issue     = {16},
  langid    = {english},
  numpages  = {9},
  publisher = {American Physical Society},
}

@Article{PhysRevB.87.155420,
  author    = {Han, Yong and Russell, Selena M. and Layson, Anthony R. and Walen, Holly and Yuen, Chad D. and Thiel, Patricia A. and Evans, James W.},
  title     = {Anisotropic coarsening: One-dimensional decay of Ag islands on Ag(110)},
  journal   = {Physical Review B},
  year      = {2013},
  volume    = {87},
  pages     = {155420},
  month     = apr,
  doi       = {10.1103/PhysRevB.87.155420},
  issue     = {15},
  langid    = {english},
  numpages  = {12},
  publisher = {American Physical Society},
}

@Article{PhysRevE.79.011602,
  author    = {Shi, Feng and Shim, Yunsic and Amar, Jacques G.},
  title     = {Capture-zone areas in submonolayer nucleation: Effects of dimensionality and short-range interactions},
  journal   = {Physical Review E},
  year      = {2009},
  volume    = {79},
  pages     = {011602},
  month     = jan,
  doi       = {10.1103/PhysRevE.79.011602},
  issue     = {1},
  langid    = {english},
  numpages  = {6},
  publisher = {American Physical Society},
}

@Article{PhysRevE.92.062407,
  author    = {Tokar, V. I. and Dreyss\'e, H.},
  title     = {Universality and scaling in two-step epitaxial growth in one dimension},
  journal   = {Physical Review E},
  year      = {2015},
  volume    = {92},
  pages     = {062407},
  month     = dec,
  doi       = {10.1103/PhysRevE.92.062407},
  issue     = {6},
  langid    = {english},
  numpages  = {10},
  publisher = {American Physical Society},
}

@Article{PhysRevE.71.026127,
  author    = {Yilmaz, M. B. and Zimmermann, Frank M.},
  title     = {Exact cluster size distribution in the one-dimensional {I}sing model},
  journal   = {Physical Review E},
  year      = {2005},
  volume    = {71},
  pages     = {026127},
  month     = feb,
  doi       = {10.1103/PhysRevE.71.026127},
  issue     = {2},
  langid    = {english},
  numpages  = {5},
  publisher = {American Physical Society},
}

@Article{PhysRevLett.86.3092,
  author    = {Amar, Jacques G. and Popescu, Mihail N. and Family, Fereydoon},
  title     = {Rate-Equation Approach to Island Capture Zones and Size Distributions in Epitaxial Growth},
  journal   = {Physical Review Letters},
  year      = {2001},
  volume    = {86},
  pages     = {3092--3095},
  month     = apr,
  doi       = {10.1103/PhysRevLett.86.3092},
  issue     = {14},
  langid    = {english},
  numpages  = {0},
  publisher = {American Physical Society},
}

@Article{JETPLetters.107.766,
  author  = {Syromyatnikov, A. G. and Saletsky, A. M. and Klavsyuk, A. L.},
  title   = {Dependence of the Distribution of Atomic Chain Lengths on a Vicinal Surface on External Parameters},
  journal = {JETP Letters},
  year    = {2018},
  volume  = {107},
  number  = {12},
  pages   = {766--769},
  issn    = {1090-6487; 0021-3640},
  doi     = {10.1134/S0021364018120147},
  langid  = {english},
}

@Article{PhysRevB.76.073402,
  author    = {Tokar, V. I. and Dreyss\'e, H.},
  title     = {Influence of relaxation on the size distribution of monatomic {A}g chains on the steps of a vicinal {P}t surface},
  journal   = {Physical Review B},
  year      = {2007},
  volume    = {76},
  pages     = {073402},
  month     = aug,
  doi       = {10.1103/PhysRevB.76.073402},
  issue     = {7},
  langid    = {english},
  numpages  = {4},
  publisher = {American Physical Society},
}

@Article{PhysRevB.77.035406,
  author    = {Stinchcombe, R. B. and Aar\ ao Reis, F. D. A.},
  title     = {Modeling one-dimensional island growth with mass-dependent detachment rates},
  journal   = {Physical Review B},
  year      = {2008},
  volume    = {77},
  pages     = {035406},
  month     = jan,
  doi       = {10.1103/PhysRevB.77.035406},
  issue     = {3},
  langid    = {english},
  numpages  = {8},
  publisher = {American Physical Society},
}

@Article{PhysRevE.95.042802,
  author    = {Albia, Jason R. and Albao, Marvin A.},
  title     = {Dynamic scaling of island size distribution in submonolayer one-dimensional growth},
  journal   = {Physical Review E},
  year      = {2017},
  volume    = {95},
  pages     = {042802},
  month     = apr,
  doi       = {10.1103/PhysRevE.95.042802},
  issue     = {4},
  langid    = {english},
  numpages  = {8},
  publisher = {American Physical Society},
}

@Article{PhysRevE.97.052802,
  author    = {Gonz\'alez, Diego Luis and Camargo, Manuel and S\'anchez, Juli\'an A.},
  title     = {Island size distribution with hindered aggregation},
  journal   = {Physical Review E},
  year      = {2018},
  volume    = {97},
  pages     = {052802},
  month     = may,
  doi       = {10.1103/PhysRevE.97.052802},
  issue     = {5},
  langid    = {english},
  numpages  = {11},
  publisher = {American Physical Society},
}

@Article{Hamers1989,
  author    = {Hamers, R. J. and K\"{o}hler, U. K.},
  title     = {Determination of the local electronic structure of atomic-sized defects on Si(001) by tunneling spectroscopy},
  journal   = {Journal of Vacuum Science \& Technology A},
  year      = {1989},
  volume    = {7},
  number    = {4},
  pages     = {2854--2859},
  month     = jul,
  doi       = {10.1116/1.576158},
  langid    = {english},
  publisher = {American Vacuum Society},
}

@Article{JPCM15.R1,
  author    = {Shen, J. and Pierce, J. P. and Plummer, E. W. and Kirschner, J.},
  title     = {The effect of spatial confinement on magnetism: films, stripes and dots of Fe on Cu(111)},
  journal   = {Journal of Physics: Condensed Matter},
  year      = {2002},
  volume    = {15},
  number    = {2},
  pages     = {R1--R30},
  month     = dec,
  doi       = {10.1088/0953-8984/15/2/201},
  langid    = {english},
  publisher = {{IOP} Publishing},
}

@Article{JPCM16.R603,
  author    = {Sander, D.},
  title     = {The magnetic anisotropy and spin reorientation of nanostructures and nanoscale films},
  journal   = {Journal of Physics: Condensed Matter},
  year      = {2004},
  volume    = {16},
  number    = {20},
  pages     = {R603--R636},
  month     = may,
  doi       = {10.1088/0953-8984/16/20/r01},
  langid    = {english},
  publisher = {{IOP} Publishing},
}

@Article{JPCM22.433001,
  author    = {Enders, A. and Skomski, R. and Honolka, J.},
  title     = {Magnetic surface nanostructures},
  journal   = {Journal of Physics: Condensed Matter},
  year      = {2010},
  volume    = {22},
  number    = {43},
  pages     = {433001},
  month     = oct,
  doi       = {10.1088/0953-8984/22/43/433001},
  langid    = {english},
  publisher = {{IOP} Publishing},
}

@Article{JPCM28.503002,
  author    = {Martins, Michael and Wurth, Wilfried},
  title     = {Magnetic properties of supported metal atoms and clusters},
  journal   = {Journal of Physics: Condensed Matter},
  year      = {2016},
  volume    = {28},
  number    = {50},
  pages     = {503002},
  month     = oct,
  doi       = {10.1088/0953-8984/28/50/503002},
  langid    = {english},
  publisher = {{IOP} Publishing},
}

@Article{PhysRevB.56.2340,
  author    = {Shen, J. and Skomski, R. and Klaua, M. and Jenniches, H. and Manoharan, S. Sundar and Kirschner, J.},
  title     = {Magnetism in one dimension: Fe on Cu(111)},
  journal   = {Physical Review B},
  year      = {1997},
  volume    = {56},
  pages     = {2340--2343},
  month     = aug,
  doi       = {10.1103/PhysRevB.56.2340},
  issue     = {5},
  langid    = {english},
  numpages  = {0},
  publisher = {American Physical Society},
}

@Article{PhysRevB.89.205426,
  author    = {Otte, F. and Ferriani, P. and Heinze, S.},
  title     = {Complex trend of magnetic order in Fe clusters on $4d$ transition-metal surfaces. II. First-principles calculations},
  journal   = {Physical Review B},
  year      = {2014},
  volume    = {89},
  pages     = {205426},
  month     = may,
  doi       = {10.1103/PhysRevB.89.205426},
  issue     = {20},
  langid    = {english},
  numpages  = {19},
  publisher = {American Physical Society},
}

@Article{PhysRevB.70.224419,
  author    = {Pick, \ifmmode \check{S}\else \v{S}\fi{}. and Stepanyuk, V. S. and Klavsyuk, A. L. and Niebergall, L. and Hergert, W. and Kirschner, J. and Bruno, P.},
  title     = {Magnetism and structure on the atomic scale: Small cobalt clusters in Cu(001)},
  journal   = {Physical Review B},
  year      = {2004},
  volume    = {70},
  pages     = {224419},
  month     = dec,
  doi       = {10.1103/PhysRevB.70.224419},
  issue     = {22},
  langid    = {english},
  numpages  = {8},
  publisher = {American Physical Society},
}

@Article{PhysRevB.92.184406,
  author    = {Etzkorn, M. and Hirjibehedin, C. F. and Lehnert, A. and Ouazi, S. and Rusponi, S. and Stepanow, S. and Gambardella, P. and Tieg, C. and Thakur, P. and Lichtenstein, A. I. and Shick, A. B. and Loth, S. and Heinrich, A. J. and Brune, H.},
  title     = {Comparing XMCD and DFT with STM spin excitation spectroscopy for Fe and Co adatoms on ${\mathrm{Cu}}_{2}\mathrm{N}/\mathrm{Cu}(100)$},
  journal   = {Physical Review B},
  year      = {2015},
  volume    = {92},
  pages     = {184406},
  month     = nov,
  doi       = {10.1103/PhysRevB.92.184406},
  issue     = {18},
  langid    = {english},
  numpages  = {9},
  publisher = {American Physical Society},
}

@Article{PhysRevB.92.174407,
  author    = {Ferr\'on, A. and Lado, J. L. and Fern\'andez-Rossier, J.},
  title     = {Electronic properties of transition metal atoms on ${\mathrm{Cu}}_{2}\mathrm{N}/\mathrm{Cu}(100)$},
  journal   = {Physical Review B},
  year      = {2015},
  volume    = {92},
  pages     = {174407},
  month     = nov,
  doi       = {10.1103/PhysRevB.92.174407},
  issue     = {17},
  langid    = {english},
  numpages  = {11},
  publisher = {American Physical Society},
}

@Article{PhysRevB.94.085406,
  author    = {Choi, Deung-Jang and Robles, Roberto and Gauyacq, Jean-Pierre and Ternes, Markus and Loth, Sebastian and Lorente, Nicol\'as},
  title     = {Structural and magnetic properties of ${\mathrm{FeMn}}_{x}$ chains $(x=1--6)$ supported on ${\mathrm{Cu}}_{2}\mathrm{N}/\mathrm{Cu}$ (100)},
  journal   = {Physical Review B},
  year      = {2016},
  volume    = {94},
  pages     = {085406},
  month     = aug,
  doi       = {10.1103/PhysRevB.94.085406},
  issue     = {8},
  langid    = {english},
  numpages  = {9},
  publisher = {American Physical Society},
}

@Article{PhysRevB.86.245416,
  author    = {Urdaniz, M. C. and Barral, M. A. and Llois, A. M.},
  title     = {Magnetic exchange coupling in 3$d$-transition-metal atomic chains adsorbed on Cu${}_{2}$N/Cu(001)},
  journal   = {Physical Review B},
  year      = {2012},
  volume    = {86},
  pages     = {245416},
  month     = dec,
  doi       = {10.1103/PhysRevB.86.245416},
  issue     = {24},
  langid    = {english},
  numpages  = {6},
  publisher = {American Physical Society},
}

@Article{PhysRevB.68.104436,
  author    = {Udvardi, L. and Szunyogh, L. and Palot\'as, K. and Weinberger, P.},
  title     = {First-principles relativistic study of spin waves in thin magnetic films},
  journal   = {Physical Review B},
  year      = {2003},
  volume    = {68},
  pages     = {104436},
  month     = sep,
  doi       = {10.1103/PhysRevB.68.104436},
  issue     = {10},
  langid    = {english},
  numpages  = {11},
  publisher = {American Physical Society},
}

@Article{PhysRevB.94.024403,
  author    = {Schweflinghaus, B. and Zimmermann, B. and Heide, M. and Bihlmayer, G. and Bl\"ugel, S.},
  title     = {Role of Dzyaloshinskii-Moriya interaction for magnetism in transition-metal chains at Pt step edges},
  journal   = {Physical Review B},
  year      = {2016},
  volume    = {94},
  pages     = {024403},
  month     = jul,
  doi       = {10.1103/PhysRevB.94.024403},
  issue     = {2},
  langid    = {english},
  numpages  = {19},
  publisher = {American Physical Society},
}

@Article{PhysRevB.93.161412,
  author    = {Tao, Kun and Polyakov, Oleg P. and Stepanyuk, Valeri S.},
  title     = {Switching of antiferromagnetic chains with magnetic pulses},
  journal   = {Physical Review B},
  year      = {2016},
  volume    = {93},
  pages     = {161412},
  month     = apr,
  doi       = {10.1103/PhysRevB.93.161412},
  issue     = {16},
  langid    = {english},
  numpages  = {5},
  publisher = {American Physical Society},
}

@Article{PhysRevB.90.195423,
  author    = {Urdaniz, M. C. and Barral, M. A. and Llois, A. M. and Sa\'ul, A.},
  title     = {Magnetic interactions in $3d$ metal chains on ${\mathrm{Cu}}_{2}X/\mathrm{Cu}(001)\phantom{\rule{0.28em}{0ex}}(X=\mathrm{N},\phantom{\rule{0.28em}{0ex}}\mathrm{O})$: Comparison with corresponding unsupported chains},
  journal   = {Physical Review B},
  year      = {2014},
  volume    = {90},
  pages     = {195423},
  month     = nov,
  doi       = {10.1103/PhysRevB.90.195423},
  issue     = {19},
  langid    = {english},
  numpages  = {7},
  publisher = {American Physical Society},
}

@Article{PhysRevB.68.024433,
  author    = {Lazarovits, B. and Szunyogh, L. and Weinberger, P. and \'Ujfalussy, B.},
  title     = {Magnetic properties of finite Fe chains at fcc Cu(001) and Cu(111) surfaces},
  journal   = {Physical Review B},
  year      = {2003},
  volume    = {68},
  pages     = {024433},
  month     = jul,
  doi       = {10.1103/PhysRevB.68.024433},
  issue     = {2},
  langid    = {english},
  numpages  = {9},
  publisher = {American Physical Society},
}

@Article{PhysRevB.39.865,
  author    = {Bruno, Patrick},
  title     = {Tight-binding approach to the orbital magnetic moment and magnetocrystalline anisotropy of transition-metal monolayers},
  journal   = {Physical Review B},
  year      = {1989},
  volume    = {39},
  pages     = {865--868},
  month     = jan,
  doi       = {10.1103/PhysRevB.39.865},
  issue     = {1},
  langid    = {english},
  numpages  = {0},
  publisher = {American Physical Society},
}

@Article{PhysRevB.73.174418,
  author    = {Li, Ying and Liu, Bang-Gui},
  title     = {Long-range ferromagnetism in one-dimensional monatomic spin chains},
  journal   = {Physical Review B},
  year      = {2006},
  volume    = {73},
  pages     = {174418},
  month     = may,
  doi       = {10.1103/PhysRevB.73.174418},
  issue     = {17},
  langid    = {english},
  numpages  = {5},
  publisher = {American Physical Society},
}

@Article{PhysRevB.100.224424,
  author    = {Kolesnikov, S. V. and Kolesnikova, I. N.},
  title     = {Magnetic properties of the finite-length biatomic chains in the framework of the single domain-wall approximation},
  journal   = {Physical Review B},
  year      = {2019},
  volume    = {100},
  pages     = {224424},
  month     = dec,
  doi       = {10.1103/PhysRevB.100.224424},
  issue     = {22},
  langid    = {english},
  numpages  = {16},
  publisher = {American Physical Society},
}

@Article{PhysRevLett.102.257203,
  author    = {Balashov, T. and Schuh, T. and Tak\'acs, A. F. and Ernst, A. and Ostanin, S. and Henk, J. and Mertig, I. and Bruno, P. and Miyamachi, T. and Suga, S. and Wulfhekel, W.},
  title     = {Magnetic Anisotropy and Magnetization Dynamics of Individual Atoms and Clusters of Fe and Co on Pt(111)},
  journal   = {Physical Review Letters},
  year      = {2009},
  volume    = {102},
  pages     = {257203},
  month     = jun,
  doi       = {10.1103/PhysRevLett.102.257203},
  issue     = {25},
  langid    = {english},
  numpages  = {4},
  publisher = {American Physical Society},
}

@Article{PhysRevLett.93.077203,
  author    = {Gambardella, P. and Dallmeyer, A. and Maiti, K. and Malagoli, M. C. and Rusponi, S. and Ohresser, P. and Eberhardt, W. and Carbone, C. and Kern, K.},
  title     = {Oscillatory Magnetic Anisotropy in One-Dimensional Atomic Wires},
  journal   = {Physical Review Letters},
  year      = {2004},
  volume    = {93},
  pages     = {077203},
  month     = aug,
  doi       = {10.1103/PhysRevLett.93.077203},
  issue     = {7},
  langid    = {english},
  numpages  = {4},
  publisher = {American Physical Society},
}

@Article{PhysRevLett.108.197204,
  author    = {Menzel, Matthias and Mokrousov, Yuriy and Wieser, Robert and Bickel, Jessica E. and Vedmedenko, Elena and Bl\"ugel, Stefan and Heinze, Stefan and von Bergmann, Kirsten and Kubetzka, Andr\'e and Wiesendanger, Roland},
  title     = {Information Transfer by Vector Spin Chirality in Finite Magnetic Chains},
  journal   = {Physical Review Letters},
  year      = {2012},
  volume    = {108},
  pages     = {197204},
  month     = may,
  doi       = {10.1103/PhysRevLett.108.197204},
  issue     = {19},
  langid    = {english},
  numpages  = {5},
  publisher = {American Physical Society},
}

@Article{PhysRevLett.91.207901,
  author    = {Bose, Sougato},
  title     = {Quantum Communication through an Unmodulated Spin Chain},
  journal   = {Physical Review Letters},
  year      = {2003},
  volume    = {91},
  pages     = {207901},
  month     = nov,
  doi       = {10.1103/PhysRevLett.91.207901},
  issue     = {20},
  langid    = {english},
  numpages  = {4},
  publisher = {American Physical Society},
}

@Article{PhysRevLett.111.127203,
  author    = {Bryant, B. and Spinelli, A. and Wagenaar, J. J. T. and Gerrits, M. and Otte, A. F.},
  title     = {Local Control of Single Atom Magnetocrystalline Anisotropy},
  journal   = {Physical Review Letters},
  year      = {2013},
  volume    = {111},
  pages     = {127203},
  month     = sep,
  doi       = {10.1103/PhysRevLett.111.127203},
  issue     = {12},
  langid    = {english},
  numpages  = {5},
  publisher = {American Physical Society},
}

@Article{PhysRevLett.96.217201,
  author    = {Li, Ying and Liu, Bang-Gui},
  title     = {Current Controlled Spin Reversal of Nanomagnets with Giant Uniaxial Anisotropy},
  journal   = {Physical Review Letters},
  year      = {2006},
  volume    = {96},
  pages     = {217201},
  month     = may,
  doi       = {10.1103/PhysRevLett.96.217201},
  issue     = {21},
  langid    = {english},
  numpages  = {4},
  publisher = {American Physical Society},
}

@Article{Gambardella_2003,
  author    = {Gambardella, P.},
  title     = {Giant Magnetic Anisotropy of Single Cobalt Atoms and Nanoparticles},
  journal   = {Science},
  year      = {2003},
  volume    = {300},
  number    = {5622},
  pages     = {1130--1133},
  month     = may,
  doi       = {10.1126/science.1082857},
  langid    = {english},
  publisher = {American Association for the Advancement of Science ({AAAS})},
}

@Article{Nature437.671,
  author    = {Barth, Johannes V. and Costantini, Giovanni and Kern, Klaus},
  title     = {Engineering atomic and molecular nanostructures at surfaces},
  journal   = {Nature},
  year      = {2005},
  volume    = {437},
  number    = {7059},
  pages     = {671--679},
  month     = sep,
  doi       = {10.1038/nature04166},
  langid    = {english},
  publisher = {Springer Science and Business Media {LLC}},
}

@Article{Gambardella.Nature,
  author    = {Gambardella, P. and Dallmeyer, A. and Maiti, K. and Malagoli, M. C. and Eberhardt, W. and Kern, K. and Carbone, C.},
  title     = {Ferromagnetism in one-dimensional monatomic metal chains},
  journal   = {Nature},
  year      = {2002},
  volume    = {416},
  number    = {6878},
  pages     = {301--304},
  month     = mar,
  doi       = {10.1038/416301a},
  langid    = {english},
  publisher = {Springer Science and Business Media {LLC}},
}

@Article{NANO6.1,
  author    = {HUI, W. A. N. G. and YIFEI, Y. U. and YUBIN, S. U. N. and QIANWANG, C. H. E. N.},
  title     = {{MAGNETIC} {NANOCHAINS}: A {REVIEW}},
  journal   = {Nano},
  year      = {2011},
  volume    = {06},
  number    = {01},
  pages     = {1--17},
  month     = feb,
  doi       = {10.1142/s1793292011002305},
  langid    = {english},
  publisher = {World Scientific Pub Co Pte Lt},
}

@Article{Brune.Gambardella,
  author    = {Brune, Harald and Gambardella, Pietro},
  title     = {Magnetism of individual atoms adsorbed on surfaces},
  journal   = {Surface Science},
  year      = {2009},
  volume    = {603},
  number    = {10-12},
  pages     = {1812--1830},
  month     = jun,
  doi       = {10.1016/j.susc.2008.11.055},
  langid    = {english},
  publisher = {Elsevier {BV}},
}

@Article{SSR56.189,
  author    = {Bansmann, J. and Baker, S. and Binns, C. and Blackman, J. and Bucher, J. and Dorantesdavila, J. and Dupuis, V. and Favre, L. and Kechrakos, D. and Kleibert, A.},
  title     = {Magnetic and structural properties of isolated and assembled clusters},
  journal   = {Surface Science Reports},
  year      = {2005},
  volume    = {56},
  number    = {6-7},
  pages     = {189--275},
  month     = feb,
  doi       = {10.1016/j.surfrep.2004.10.001},
  langid    = {english},
  publisher = {Elsevier {BV}},
}

@Article{NuturePhys14.213,
  author    = {Gomonay, O. and Baltz, V. and Brataas, A. and Tserkovnyak, Y.},
  title     = {Antiferromagnetic spin textures and dynamics},
  journal   = {Nature Physics},
  year      = {2018},
  volume    = {14},
  number    = {3},
  pages     = {213--216},
  month     = mar,
  doi       = {10.1038/s41567-018-0049-4},
  langid    = {english},
  publisher = {Springer Science and Business Media {LLC}},
}

@Article{NJPhys17.023014,
  author    = {Dup{\'{e}}, B. and Bickel, J. E. and Mokrousov, Y. and Otte, F. and von Bergmann, K. and Kubetzka, A. and Heinze, S. and Wiesendanger, R.},
  title     = {Giant magnetization canting due to symmetry breaking in zigzag Co chains on Ir(001)},
  journal   = {New Journal of Physics},
  year      = {2015},
  volume    = {17},
  number    = {2},
  pages     = {023014},
  month     = feb,
  doi       = {10.1088/1367-2630/17/2/023014},
  langid    = {english},
  publisher = {{IOP} Publishing},
}

@Article{NJP4.100,
  author    = {F{\'{e}}lix-Medina, R. and Dorantes-D{\'{a}}vila, J. and Pastor, G. M.},
  title     = {Spin moments, orbital moments and magnetic anisotropy of finite-length Co wires deposited on Pd(110)},
  journal   = {New Journal of Physics},
  year      = {2002},
  volume    = {4},
  pages     = {100--100},
  month     = dec,
  doi       = {10.1088/1367-2630/4/1/3a0},
  langid    = {english},
  publisher = {{IOP} Publishing},
}

@Article{RevModPhys.90.015005,
  author    = {Baltz, V. and Manchon, A. and Tsoi, M. and Moriyama, T. and Ono, T. and Tserkovnyak, Y.},
  title     = {Antiferromagnetic spintronics},
  journal   = {Reviews of Modern Physics},
  year      = {2018},
  volume    = {90},
  pages     = {015005},
  month     = feb,
  doi       = {10.1103/RevModPhys.90.015005},
  issue     = {1},
  langid    = {english},
  numpages  = {57},
  publisher = {American Physical Society},
}

@Article{LTP40.17,
  author    = {Gomonay, E. V. and Loktev, V. M.},
  title     = {Spintronics of antiferromagnetic systems (Review Article)},
  journal   = {Low Temperature Physics},
  year      = {2014},
  volume    = {40},
  number    = {1},
  pages     = {17--35},
  month     = jan,
  doi       = {10.1063/1.4862467},
  langid    = {english},
  publisher = {{AIP} Publishing},
}

@Article{NatureNanotech11.231,
  author    = {Jungwirth, T. and Marti, X. and Wadley, P. and Wunderlich, J.},
  title     = {Antiferromagnetic spintronics},
  journal   = {Nature Nanotechnology},
  year      = {2016},
  volume    = {11},
  number    = {3},
  pages     = {231--241},
  month     = mar,
  doi       = {10.1038/nnano.2016.18},
  langid    = {english},
  publisher = {Springer Science and Business Media {LLC}},
}

@Article{NatureNano10.40,
  author    = {Yan, Shichao and Choi, Deung-Jang and Burgess, Jacob A. J. and Rolf-Pissarczyk, Steffen and Loth, Sebastian},
  title     = {Control of quantum magnets by atomic exchange bias},
  journal   = {Nature Nanotechnology},
  year      = {2014},
  volume    = {10},
  number    = {1},
  pages     = {40--45},
  month     = dec,
  doi       = {10.1038/nnano.2014.281},
  langid    = {english},
  publisher = {Springer Science and Business Media {LLC}},
}

@Article{PCCP17.26302,
  author    = {Tao, Kun and Guo, Qing and Jena, Puru and Xue, Desheng and Stepanyuk, Valeri S.},
  title     = {Tuning magnetic properties of antiferromagnetic chains by exchange interactions: ab initio studies},
  journal   = {Physical Chemistry Chemical Physics},
  year      = {2015},
  volume    = {17},
  number    = {39},
  pages     = {26302--26306},
  doi       = {10.1039/c5cp04663g},
  langid    = {english},
  publisher = {Royal Society of Chemistry ({RSC})},
}

@Article{NatCom10.2565,
  author    = {Hermenau, Jan and Brinker, Sascha and Marciani, Marco and Steinbrecher, Manuel and dos Santos Dias, Manuel and Wiesendanger, Roland and Lounis, Samir and Wiebe, Jens},
  title     = {Stabilizing spin systems via symmetrically tailored {RKKY} interactions},
  journal   = {Nature Communications},
  year      = {2019},
  volume    = {10},
  number    = {1},
  month     = jun,
  doi       = {10.1038/s41467-019-10516-2},
  langid    = {english},
  publisher = {Springer Science and Business Media {LLC}},
}

@Article{Dzyaloshinsky,
  author    = {Dzyaloshinsky, I.},
  title     = {A thermodynamic theory of {\textquotedblleft}weak{\textquotedblright} ferromagnetism of antiferromagnetics},
  journal   = {Journal of Physics and Chemistry of Solids},
  year      = {1958},
  volume    = {4},
  number    = {4},
  pages     = {241--255},
  month     = jan,
  doi       = {10.1016/0022-3697(58)90076-3},
  langid    = {english},
  publisher = {Elsevier {BV}},
}

% Moriya

@Article{PhysRev.120.91,
  author    = {Moriya, T\^oru},
  title     = {Anisotropic Superexchange Interaction and Weak Ferromagnetism},
  journal   = {Physical Review},
  year      = {1960},
  volume    = {120},
  pages     = {91--98},
  month     = oct,
  doi       = {10.1103/PhysRev.120.91},
  issue     = {1},
  langid    = {english},
  numpages  = {0},
  publisher = {American Physical Society},
}

% MandW

@Article{PhysRevLett.17.1133,
  author    = {Mermin, N. D. and Wagner, H.},
  title     = {Absence of Ferromagnetism or Antiferromagnetism in One- or Two-Dimensional Isotropic Heisenberg Models},
  journal   = {Physical Review Letters},
  year      = {1966},
  volume    = {17},
  pages     = {1133--1136},
  month     = nov,
  doi       = {10.1103/PhysRevLett.17.1133},
  issue     = {22},
  langid    = {english},
  numpages  = {0},
  publisher = {American Physical Society},
}

@Article{EPL119.30001,
  author    = {Verma, Harshit and Chotorlishvili, L. and Berakdar, J. and Mishra, Sunil K.},
  title     = {Qubit(s) transfer in helical spin chains},
  journal   = {{EPL} (Europhysics Letters)},
  year      = {2017},
  volume    = {119},
  number    = {3},
  pages     = {30001},
  month     = aug,
  doi       = {10.1209/0295-5075/119/30001},
  langid    = {english},
  publisher = {{IOP} Publishing},
}

@Article{JPCM27.455301,
  author    = {Gauyacq, Jean-Pierre and Lorente, Nicol{\'{a}}s},
  title     = {Decoherence-governed magnetic-moment dynamics of supported atomic objects},
  journal   = {Journal of Physics: Condensed Matter},
  year      = {2015},
  volume    = {27},
  number    = {45},
  pages     = {455301},
  month     = oct,
  doi       = {10.1088/0953-8984/27/45/455301},
  langid    = {english},
  publisher = {{IOP} Publishing},
}

@Article{RevModPhys.91.041001,
  author    = {Choi, Deung-Jang and Lorente, Nicolas and Wiebe, Jens and von Bergmann, Kirsten and Otte, Alexander F. and Heinrich, Andreas J.},
  title     = {Colloquium: Atomic spin chains on surfaces},
  journal   = {Reviews of Modern Physics},
  year      = {2019},
  volume    = {91},
  pages     = {041001},
  month     = oct,
  doi       = {10.1103/RevModPhys.91.041001},
  issue     = {4},
  langid    = {english},
  numpages  = {24},
  publisher = {American Physical Society},
}

@Article{SS630.325,
  author    = {Gauyacq, J. P. and Lorente, N.},
  title     = {Classical limit of a quantal nano-magnet in an anisotropic environment},
  journal   = {Surface Science},
  year      = {2014},
  volume    = {630},
  pages     = {325--330},
  month     = dec,
  doi       = {10.1016/j.susc.2014.07.013},
  langid    = {english},
  publisher = {Elsevier {BV}},
}

@Article{RPP74.096501,
  author    = {Ebert, H. and K\"{o}dderitzsch, D. and Min{\'{a}}r, J.},
  title     = {Calculating condensed matter properties using the {KKR}-Green{\textquotesingle}s function method{\textemdash}recent developments and applications},
  journal   = {Reports on Progress in Physics},
  year      = {2011},
  volume    = {74},
  number    = {9},
  pages     = {096501},
  month     = aug,
  doi       = {10.1088/0034-4885/74/9/096501},
  langid    = {english},
  publisher = {{IOP} Publishing},
}

@Article{Glauber1.1703954,
  author    = {Glauber, Roy J.},
  title     = {Time-Dependent Statistics of the Ising Model},
  journal   = {Journal of Mathematics and Physics},
  year      = {1963},
  volume    = {4},
  number    = {2},
  pages     = {294--307},
  month     = feb,
  doi       = {10.1063/1.1703954},
  langid    = {english},
  publisher = {{AIP} Publishing},
}

@Article{JMMM378.186,
  author    = {Li, Jun and Liu, Bang-Gui},
  title     = {Monte Carlo simulated dynamical magnetization of single-chain magnets},
  journal   = {Journal of Magnetism and Magnetic Materials},
  year      = {2015},
  volume    = {378},
  pages     = {186--189},
  month     = mar,
  doi       = {10.1016/j.jmmm.2014.11.033},
  langid    = {english},
  publisher = {Elsevier {BV}},
}

@Article{NJPhys11.063004,
  author    = {Smirnov, A. S. and Negulyaev, N. N. and Hergert, W. and Saletsky, A. M. and Stepanyuk, V. S.},
  title     = {Magnetic behavior of one- and two-dimensional nanostructures stabilized by surface-state electrons: a kinetic Monte Carlo study},
  journal   = {New Journal of Physics},
  year      = {2009},
  volume    = {11},
  number    = {6},
  pages     = {063004},
  month     = jun,
  doi       = {10.1088/1367-2630/11/6/063004},
  langid    = {english},
  publisher = {{IOP} Publishing},
}

@Article{JPCM19.446207,
  author    = {He, Lin and Kong, Desheng and Chen, Chinping},
  title     = {Magnetism and the effect of anisotropy with a one-dimensional monatomic chain of cobalt using a Monte Carlo simulation},
  journal   = {Journal of Physics: Condensed Matter},
  year      = {2007},
  volume    = {19},
  number    = {44},
  pages     = {446207},
  month     = oct,
  doi       = {10.1088/0953-8984/19/44/446207},
  langid    = {english},
  publisher = {{IOP} Publishing},
}

@Article{CPB24.097302,
  author    = {Tsysar, K. M. and Kolesnikov, S. V. and Saletsky, A. M.},
  title     = {Magnetization dynamics of mixed Co{\textendash}Au chains on Cu(110) substrate: Combined ab initio and kinetic Monte Carlo study},
  journal   = {Chinese Physics B},
  year      = {2015},
  volume    = {24},
  number    = {9},
  pages     = {097302},
  month     = sep,
  doi       = {10.1088/1674-1056/24/9/097302},
  langid    = {english},
  publisher = {{IOP} Publishing},
}

@Article{MPLB.31.1750142,
  author    = {Tsysar, K. M. and Kolesnikov, S. V. and Sitnikov, I. I. and Saletsky, A. M.},
  title     = {Ab initio investigation of supported Au{\textendash}Mn nanowires},
  journal   = {Modern Physics Letters B},
  year      = {2017},
  volume    = {31},
  number    = {13},
  pages     = {1750142},
  month     = may,
  doi       = {10.1142/s0217984917501421},
  langid    = {english},
  publisher = {World Scientific Pub Co Pte Lt},
}

@Article{JCP132.134104,
  author    = {Puchala, Brian and Falk, Michael L. and Garikipati, Krishna},
  title     = {An energy basin finding algorithm for kinetic Monte Carlo acceleration},
  journal   = {Journal of Chemical Physics},
  year      = {2010},
  volume    = {132},
  number    = {13},
  pages     = {134104},
  month     = apr,
  doi       = {10.1063/1.3369627},
  langid    = {english},
  publisher = {{AIP} Publishing},
}

@Article{IEEE2509105,
  author    = {Kolesnikov, Sergey V. and Kolesnikova, Inna N.},
  title     = {Magnetization Reversal Time for Ferromagnetic and Antiferromagnetic Chains in the Heisenberg Model},
  journal   = {{IEEE} Magn. Lett.},
  year      = {2019},
  volume    = {10},
  pages     = {1--5},
  doi       = {10.1109/lmag.2019.2954802},
  langid    = {english},
  publisher = {Institute of Electrical and Electronics Engineers ({IEEE})},
}

@comment{===Russian_articles_below===,}

@Article{Kolesnikov1_eng,
  author    = {Kolesnikov, S. V.},
  title     = {Low-temperature study of the magnetic properties of finite atomic chains},
  journal   = {JETP Letters},
  year      = {2016},
  volume    = {103},
  number    = {9},
  pages     = {588--592},
  month     = may,
  doi       = {10.1134/s0021364016090034},
  langid    = {english},
  publisher = {Pleiades Publishing Ltd},
}

@Article{Kolesnikov1,
  author  = {Колесников, С. В.},
  title   = {Исследование магнитных свойств атомных цепочек конечной длины при низких температурах},
  journal = {Письма в ЖЭТФ},
  year    = {2016},
  volume  = {103},
  number  = {9},
  pages   = {668--672},
  doi     = {10.7868/S0370274X1609007},
  url     = {http://www.jetpletters.ac.ru/ps/2117/article_31799.shtml},
}

@Article{JETPL99.646,
  author  = {Клавсюк, А. Л. and Колесников, С. В. and Салецкий, А. М.},
  title   = {Магнитные свойства нанокластеров Fe и Co, погруженных в первый слой поверхности Cu(100)},
  journal = {Письма в ЖЭТФ},
  year    = {2014},
  volume  = {99},
  number  = {11},
  pages   = {750--753},
  doi     = {10.7868/S0370274X1411007},
  url     = {http://www.jetpletters.ac.ru/ps/2044/article_30794.shtml},
}

@Article{JETPL99.646_eng,
  author    = {Klavsyuk, A. L. and Kolesnikov, S. V. and Saletsky, A. M.},
  title     = {Magnetic properties of Fe and Co nanoclusters embedded in the first Cu(100) surface layer},
  journal   = {JETP Letters},
  year      = {2014},
  volume    = {99},
  number    = {11},
  pages     = {646--649},
  month     = aug,
  doi       = {10.1134/s0021364014110046},
  langid    = {english},
  publisher = {Pleiades Publishing Ltd},
}

@Article{UFN189.544,
  author    = {Шишков, В. Ю. and Андрианов, Е. С. and Пухов, А. А. and Виноградов, А. П. and Лисянский, А. А.},
  title     = {Релаксация взаимодействующих открытых квантовых систем},
  journal   = {Успехи физических наук},
  year      = {2019},
  volume    = {189},
  number    = {5},
  pages     = {544--558},
  doi       = {10.3367/UFNr.2018.06.038359},
  publisher = {Успехи физических наук},
  url       = {https://ufn.ru/ru/articles/2019/5/g/},
}

@Article{UFN189.85,
  author    = {Барабаненков, Ю. Н. and Никитов, С. А. and Барабаненков, М. Ю.},
  title     = {Квантовые флуктуации в магнитных наноструктурах},
  journal   = {Успехи физических наук},
  year      = {2019},
  volume    = {189},
  number    = {1},
  pages     = {85--94},
  doi       = {10.3367/UFNr.2018.07.038405},
  publisher = {Успехи физических наук},
  url       = {https://ufn.ru/ru/articles/2019/1/g/},
}

@Article{UFN189.544_eng,
  author    = {Shishkov, V. Yu. and Andrianov, E. S. and Pukhov, A. A. and Vinogradov, A. P. and Lisyansky, A. A.},
  title     = {Relaxation of interacting open quantum systems},
  journal   = {Physics-Uspekhi},
  year      = {2019},
  volume    = {62},
  number    = {5},
  pages     = {510--523},
  doi       = {10.3367/UFNe.2018.06.038359},
  langid    = {english},
  publisher = {Physics-Uspekhi},
  url       = {https://ufn.ru/en/articles/2019/5/f/},
}

@Article{UFN189.85_eng,
  author    = {Barabanenkov, Yu N. and Nikitov, S. A. and Barabanenkov, M. Yu},
  title     = {Quantum fluctuations in magnetic nanostructures},
  journal   = {Physics-Uspekhi},
  year      = {2019},
  volume    = {62},
  number    = {1},
  pages     = {82--91},
  month     = jan,
  doi       = {10.3367/ufne.2018.07.038405},
  langid    = {english},
  publisher = {Uspekhi Fizicheskikh Nauk ({UFN}) Journal},
}

@Article{PSS57.1513_eng,
  author    = {Kolesnikov, S. V. and Tsysar, K. M. and Saletsky, A. M.},
  title     = {Magnetic properties of one-dimensional Au-Co chains on the copper(110) surface},
  journal   = {Physics of the Solid State},
  year      = {2015},
  volume    = {57},
  number    = {8},
  pages     = {1513--1518},
  month     = aug,
  doi       = {10.1134/s1063783415080120},
  langid    = {english},
  publisher = {Pleiades Publishing Ltd},
}

@Article{KMCreview,
  author  = {Колесников, С. В. and Салецкий, А. М. and Докукин, С. А. and Клавсюк, А. Л.},
  title   = {Кинетический метод Монте-Карло: математические основы и приложения к физике низкоразмерных наноструктур},
  journal = {Математическое моделирование},
  year    = {2018},
  volume  = {30},
  number  = {2},
  pages   = {48--80},
  url     = {http://mi.mathnet.ru/rus/mm/v30/i2/p48},
}

@Article{KMCreview_eng,
  author    = {Kolesnikov, S. V. and Saletsky, A. M. and Dokukin, S. A. and Klavsyuk, A. L.},
  title     = {Kinetic Monte Carlo Method: Mathematical Foundations and Applications for Physics of Low-Dimensional Nanostructures},
  journal   = {Mathematical Models and Computer Simulations},
  year      = {2018},
  volume    = {10},
  number    = {5},
  pages     = {564--587},
  month     = sep,
  doi       = {10.1134/s2070048218050071},
  langid    = {english},
  publisher = {Pleiades Publishing Ltd},
}

@Article{PSS57.1513,
  author  = {Колесников, С. В. and Цысарь, К. М. and Салецкий, А. М.},
  title   = {Магнитные свойства одномерных цепочек Au-Co на поверхности меди(110)},
  journal = {Физика твердого тела},
  year    = {2015},
  volume  = {57},
  number  = {8},
  pages   = {1492--1497},
  url     = {https://journals.ioffe.ru/articles/42106},
}

@Article{Kolesnikov2,
  author  = {Колесников, С. В. and Колесникова, И. Н.},
  title   = {Оценка времени перемагничивания антиферромагнитных цепочек в рамках модели Гейзенберга},
  journal = {ЖЭТФ},
  year    = {2017},
  volume  = {152},
  number  = {4},
  pages   = {759},
  doi     = {10.7868/S0044451017100121},
  url     = {http://www.jetp.ac.ru/cgi-bin/r/index/r/152/4/p759?a=list},
}

@Article{Kolesnikov2_eng,
  author    = {Kolesnikov, S. V. and Kolesnikova, I. N.},
  title     = {An estimate for the magnetization reversal time of antiferromagnetic chains within the Heisenberg model},
  journal   = {Journal of Experimental and Theoretical Physics},
  year      = {2017},
  volume    = {125},
  number    = {4},
  pages     = {644--650},
  month     = oct,
  doi       = {10.1134/s1063776117090060},
  langid    = {english},
  publisher = {Pleiades Publishing Ltd},
}

@Book{Cohen-Tannoudji,
  title     = {Atom-Photon Interactions: Basic Process and Appilcations},
  publisher = {Wiley},
  year      = {1998},
  author    = {Cohen-Tannoudji, Claude and Dupont-Roc, Jacques and Grynberg, Gilbert},
  month     = apr,
  isbn      = {9783527617197},
  doi       = {10.1002/9783527617197},
  langid    = {english},
}

@Book{Landau_book,
  title     = {Статистическая физика. Часть 2. Теория конденсированного состояния},
  publisher = {Москва, Физматлит},
  year      = {2004},
  author    = {Лифшиц, Е. М. and Питаевский, Л. П.},
  volume    = {9},
  series    = {Теоретическая физика},
  edition   = {3-е издание},
  isbn      = {5-9221-0124-2},
}

@InCollection{LLG,
  author    = {Landau, L. and Lifshitz, E.},
  title     = {On the theory of the dispersion of magnetic permeability in ferromagnetic bodies},
  booktitle = {Perspectives in Theoretical Physics},
  publisher = {Elsevier},
  year      = {1992},
  pages     = {51--65},
  doi       = {10.1016/b978-0-08-036364-6.50008-9},
  langid    = {english},
}

@Article{JMMM.166896,
  author    = {Syromyatnikov, Alexey G. and Saletsky, Alexander M. and Klavsyuk, Andrey L.},
  title     = {Stability and magnetism on the atomic scale: atom-wide wires on vicinal metal substrate},
  journal   = {Journal of Magnetism and Magnetic Materials},
  year      = {2020},
  pages     = {166896},
  month     = apr,
  issn      = {0304-8853},
  doi       = {10.1016/j.jmmm.2020.166896},
  langid    = {english},
  publisher = {Elsevier {BV}},
}

@Article{IEEEML.2019,
  author    = {Syromyatnikov, Alexey and Klavsyuk, Andrey and Saletsky, Alexander},
  title     = {Formation and Stability of Magnetic Atomic Chains on Vicinal Metal Surfaces},
  journal   = {{IEEE} Magn. Lett.},
  year      = {2019},
  volume    = {10},
  pages     = {1--3},
  note      = {{A}rt no. 6111003},
  doi       = {10.1109/lmag.2019.2957262},
  langid    = {english},
  publisher = {Institute of Electrical and Electronics Engineers ({IEEE})},
}

@Article{PhysRevLett.81.1901,
  author    = {Bartelt, M. C. and Schmid, A. K. and Evans, J. W. and Hwang, R. Q.},
  title     = {Island Size and Environment Dependence of Adatom Capture: Cu/Co Islands on Ru(0001)},
  journal   = {Physical Review Letters},
  year      = {1998},
  volume    = {81},
  pages     = {1901--1904},
  month     = {Aug},
  doi       = {10.1103/PhysRevLett.81.1901},
  issue     = {9},
  langid    = {english},
  numpages  = {0},
  publisher = {American Physical Society},
  url       = {https://link.aps.org/doi/10.1103/PhysRevLett.81.1901},
}

@Article{PhysRevB.59.3125,
  author    = {Bartelt, M. C. and Stoldt, C. R. and Jenks, C. J. and Thiel, P. A. and Evans, J. W.},
  title     = {Adatom capture by arrays of two-dimensional Ag islands on Ag(100)},
  journal   = {Physical Review B},
  year      = {1999},
  volume    = {59},
  pages     = {3125--3134},
  month     = {Jan},
  doi       = {10.1103/PhysRevB.59.3125},
  issue     = {4},
  langid    = {english},
  numpages  = {0},
  publisher = {American Physical Society},
  url       = {https://link.aps.org/doi/10.1103/PhysRevB.59.3125},
}

@Article{PhysRevB.95.125423,
  author    = {Vu, Quang Huy and Morgenstern, Karina},
  title     = {Upward mass transport and alloying during the growth of Co on Cu(111)},
  journal   = {Physical Review B},
  year      = {2017},
  volume    = {95},
  pages     = {125423},
  month     = {Mar},
  doi       = {10.1103/PhysRevB.95.125423},
  issue     = {12},
  langid    = {english},
  numpages  = {11},
  publisher = {American Physical Society},
  url       = {https://link.aps.org/doi/10.1103/PhysRevB.95.125423},
}

@Article{MathModel.35.1331,
  author    = {P.P. Petrov and W. Miller and U. Rehse and R. Fornari},
  title     = {A new method for calculation of island-size distribution in submonolayer epitaxial growth},
  journal   = {Applied Mathematical Modelling},
  year      = {2011},
  volume    = {35},
  number    = {3},
  pages     = {1331--1336},
  month     = mar,
  doi       = {10.1016/j.apm.2010.09.010},
  langid    = {english},
  publisher = {Elsevier {BV}},
  url       = {https://doi.org/10.1016/j.apm.2010.09.010},
}

@Article{NatCommun.1.58,
  author    = {Steven C. Erwin and F.J. Himpsel},
  title     = {Intrinsic magnetism at silicon surfaces},
  journal   = {Nature Communications},
  year      = {2010},
  volume    = {1},
  number    = {1},
  month     = aug,
  note      = {Art. No 58},
  doi       = {10.1038/ncomms1056},
  langid    = {english},
  publisher = {Springer Science and Business Media {LLC}},
  url       = {https://doi.org/10.1038/ncomms1056},
}

@Comment{jabref-meta: databaseType:bibtex;}
