% Encoding: UTF-8

@Article{Syromyatnikov:jetp-letters:2014,
  author    = {Syromyatnikov, A. G. and Klavsyuk, A. L. and Saletsky, A. M.},
  title     = {Analysis of Interactions between {C}o Adatoms on the Vicinal {C}u(111) Surface},
  journal   = {JETP Letters},
  year      = {2014},
  volume    = {100},
  number    = {1},
  pages     = {24--27},
  issn      = {0021-3640},
  doi       = {10.1134/S0021364014130116},
  publisher = {Pleiades Publishing},
  langid  = {english},
  keywords = {ownarticle},
  addendum = {IF~=~1.359}
}

@Article{Syromyatnikov:jetp-letters-rus:2014,
  author       = {Сыромятников, А. Г. and Клавсюк, А. Л. and Салецкий, А. М.},
  title        = {Исследование взаимодействия адатомов {C}o на вицинальной поверхности {С}u(111)},
  journaltitle = {Письма в ЖЭТФ},
  date         = {2014},
  volume       = {100},
  number       = {1},
  pages        = {26--29},
  issn         = {0021-3640},
  doi          = {10.7868/S0370274X14130050},
  url          = {http://www.jetpletters.ac.ru/ps/2048/article_30841.shtml},
  abstract     = {В рамках теории функционала электронной плотности методом гриновских функций Корринги-Кона-Ростокера вычислены энергии взаимодействия адатомов Co на вицинальной поверхности Сu(111). Продемонстрировано, что взаимодействие между адатомами Co существенным образом зависит от расстояния до ступени. Наши расчеты показали, что значение отталкивающего барьера ступени для адатома Co на верхней террасе больше, чем на нижней.},
  keywords     = {ownarticle, russian},
  addendum = {IF~=~1.359}
}







@Article{Syromyatnikov:mplb:2016,
  author       = {Syromyatnikov, A. G. and Kabanov, N. S. and Saletsky, A. M. and Klavsyuk, A. L.},
  title        = {Ab initio study of interaction between $3d$ adatoms on the vicinal {C}u(111) surface},
  journaltitle = {Modern Physics Letters B},
  date         = {2016},
  volume       = {30},
  number       = {17},
  pages        = {1650218 (1--9)},
  doi          = {10.1142/S0217984916502183},
  eprint       = {http://www.worldscientific.com/doi/pdf/10.1142/S0217984916502183},
  abstract     = {Density functional theory is used to resolve the adatom-step and adatom--adatom interactions on vicinal Cu(111) surface. We demonstrated that the interactions between 3d adatoms appreciably depend on the distance from a surface step. Our calculations show that the magnitude of the repulsive barrier related to the surface step is larger for 3d adatoms located at the upper surface terrace than for adatoms located at the lower surface terrace.},
  langid  = {english},
  keywords = {ownarticle},
  addendum = {IF~=~1.622}
}

@Article{Syromyatnikov:matlet:2016,
  author       = {Syromyatnikov, A. G. and Kolesnikov, S. V. and Saletsky, A. M. and Klavsyuk, A. L.},
  title        = {The structure phase transition in atom-wide {C}o wires on a vicinal {C}u <111> surface},
  journaltitle = {Materials Letters},
  date         = {2016-09},
  volume       = {179},
  pages        = {69--72},
  doi          = {10.1016/j.matlet.2016.05.024},
  publisher    = {Elsevier {BV}},
  langid  = {english},
  keywords = {ownarticle},
  addendum = {IF~=~2.572}
}







@Article{Syromyatnikov:jetp:2017,
  author       = {Syromyatnikov, A. G. and Kabanov, N. S. and Saletsky, A. M. and Klavsyuk, A. L.},
  title        = {Formation and structural phase transition in {C}o atomic chains on a {C}u(775) surface},
  journaltitle = {Journal of Experimental and Theoretical Physics},
  date         = {2017-01},
  volume       = {124},
  number       = {1},
  pages        = {139--142},
  doi          = {10.1134/s1063776116130197},
  publisher    = {Pleiades Publishing Ltd},
  langid  = {english},
  keywords = {ownarticle},
  addendum = {IF~=~1.255}
}

@Article{Syromyatnikov:jetp-rus:2017,
  author       = {Сыромятников, А. Г. and Кабанов, Н. С. and Салецкий, А. М. and Клавсюк, А. Л.},
  title        = {Формирование и структурный фазовый переход в атомных цепочках {C}o на поверхности {C}u(775)},
  journaltitle = {ЖЭТФ},
  date         = {2017-01},
  volume       = {151},
  number       = {1},
  pages        = {160--164},
  doi          = {10.7868/S004445101701014X},
  url          = {http://www.jetp.ac.ru/cgi-bin/e/index/r/151/1/p160?a=list},
  abstract     = {Кинетическим методом Монте-Карло исследовано формирование атомных цепочек Co на поверхности Сu(775). Выявлено, что длина атомных цепочек Co, формирующихся в результате самоорганизации при эпитаксиальном росте, - величина случайная, а ее среднее значение зависит от параметров эксперимента. В рамках теории функционала плотности обнаружено наличие двух структурных фаз в атомных цепочках. В первой фазе расстояния между атомом и двумя ближайшими соседями в цепочке равны 0.230 нм и 0.280 нм. Во второй фазе атомная цепочка имеет одинаковые межатомные расстояния 0.255 нм. Показано, что температура структурного фазового перехода зависит от длины атомной цепочки. },
  keywords     = {ownarticle, russian},
  addendum = {IF~=~1.255}
}





@Article{Syromyatnikov:PhysRevB:2018,
  author       = {Syromyatnikov, A. G. and Saletsky, A. M. and Klavsyuk, A. L.},
  title        = {Distributions of atomic wire lengths},
  journaltitle = {Phys. Rev. B},
  date         = {2018-06},
  volume       = {97},
  issue        = {23},
  pages        = {235444 (1--6)},
  doi          = {10.1103/PhysRevB.97.235444},
  numpages     = {6},
  publisher    = {American Physical Society},
  langid  = {english},
  keywords = {ownarticle},
  addendum = {IF~=~3.736}
}

@Article{Syromyatnikov:jetp-letters-rus:2018,
  author       = {Сыромятников, А. Г. and Салецкий, А. М. and Клавсюк, А. Л.},
  title        = {Зависимость распределения длин атомных цепочек на вицинальной поверхности от внешних параметров},
  journaltitle = {Письма в ЖЭТФ},
  date         = {2018},
  volume       = {107},
  number       = {12},
  pages        = {794--798},
  doi          = {10.7868/S0370274X18120068},
  url          = {http://www.jetpletters.ac.ru/ps/2189/article_32817.shtml},
  keywords     = {ownarticle, russian},
  addendum = {IF~=~1.412}
}

@Article{Syromyatnikov:jetp-letters:2018,
  author       = {A. G. Syromyatnikov and A. M. Saletsky and A. L. Klavsyuk},
  title        = {Dependence of the Distribution of Atomic Chain Lengths on a Vicinal Surface on External Parameters},
  journaltitle = {{JETP} Letters},
  date         = {2018-06},
  volume       = {107},
  number       = {12},
  pages        = {766--769},
  doi          = {10.1134/s0021364018120147},
  publisher    = {Pleiades Publishing Ltd},
  langid  = {english},
  keywords = {ownarticle},
  addendum = {IF~=~1.412}
}








@Article{SyromyatnikovJetpl2019rus,
  author   = {Сыромятников, А. Г. and Салецкий, А. М. and Клавсюк, А. Л.},
  title    = {Равновесные и неравновесные состояния одномерных атомных структур},
  journal  = {Письма в ЖЭТФ},
  year     = {2019},
  volume   = {110},
  number   = {5},
  pages    = {331--334},
  issn     = {0370-274X},
  abstract = {Формирование и эволюция одномерных атомных структур были исследованы кинетическим методом Монте-Карло. Обнаружено, что распределение длин таких структур зависит не только от внешних параметров, но и от времени проведения эксперимента. Выявлено, что переход из одного равновесного состояния в другое при нагреве или охлаждении происходит через неравновесное состояние, которое и наблюдается в большинстве экспериментов.},
  doi      = {10.1134/S0370274X19170089},
  keywords = {russian},
  url      = {http://www.jetpletters.ac.ru/ps/2246/article_33641.shtml},
  keywords = {ownarticle},
  addendum = {IF~=~1.399}
}

@Article{Syromyatnikov2019JETPL,
  author    = {A. G. Syromyatnikov and A. M. Saletsky and A. L. Klavsyuk},
  title     = {Equilibrium and Nonequilibrium States of One-Dimensional Atomic Structures},
  journal   = {{JETP} Letters},
  year      = {2019},
  volume    = {110},
  number    = {5},
  pages     = {348--351},
  month     = {sep},
  doi       = {10.1134/s0021364019170132},
  publisher = {Pleiades Publishing Ltd},
  langid  = {english},
  keywords = {ownarticle},
  addendum = {IF~=~1.399}
}

@Article{SyromyatnikovMagLett2019,
  author    = {Alexey Syromyatnikov and Andrey Klavsyuk and Alexander Saletsky},
  title     = {Formation and Stability of Magnetic Atomic Chains on Vicinal Metal Surfaces},
  journal   = {{IEEE} Magnetics Letters},
  year      = {2019},
  volume    = {10},
  pages     = {6111003 (1--3)},
  doi       = {10.1109/lmag.2019.2957262},
  publisher = {Institute of Electrical and Electronics Engineers ({IEEE})},
  langid  = {english},
  keywords = {ownarticle},
  addendum = {IF~=~1.54}
}

@Article{Syro-JMMM-2020,
  author  = {Alexey G. Syromyatnikov and Alexander M. Saletsky and Andrey L. Klavsyuk},
  title   = {Stability and magnetism on the atomic scale: atom-wide wires on vicinal metal substrate},
  journal = {Journal of Magnetism and Magnetic Materials},
  year    = {2020},
  volume  = {510},
  pages   = {166896 (1--4)},
  doi     = {10.1016/j.jmmm.2020.166896},
  langid  = {english},
  url     = {https://www.sciencedirect.com/science/article/pii/S0304885319333359},
  keywords = {ownarticle},
  addendum = {IF~=~2.717}
}

@Article{Syromyatnikov2020SurfSci,
  author    = {Alexey G. Syromyatnikov and Alexander M. Saletsky and Andrey L. Klavsyuk},
  title     = {One-dimensional island size distribution: From non-equilibrium to equilibrium},
  journal   = {Surface Science},
  year      = {2020},
  volume    = {693},
  pages     = {121528 (1--4)},
  month     = {mar},
  doi       = {10.1016/j.susc.2019.121528},
  publisher = {Elsevier {BV}},
  langid  = {english},
  keywords = {ownarticle},
  addendum = {IF~=~1.466}
}








@misc{parallel-launcher,
  author = {Сыромятников, Алексей},
  title = {parallel-launcher},
  year = {2020},
  publisher = {GitHub},
  journal = {GitHub repository},
  howpublished = {\url{https://github.com/xtotdam/parallel-launcher}},
  note = {commit aa7039ae15ef99847522050bc8ca88837511ddcc},
  commit = {aa7039ae15ef99847522050bc8ca88837511ddcc}
}

@Comment{jabref-meta: databaseType:bibtex;}
