% Encoding: UTF-8

@InProceedings{Syromyatnikov:ECOSS30,
  author    = {Klavsyuk, A. L. and Syromyatnikov, A. G. and Kabanov, N. S. and Saletsky, A. M.},
  title     = {Atomic one-dimensional system stabilized by surface-state electrons},
  booktitle = {European {C}onference on {S}urface {S}cience ({ECOSS} 30) Book of Abstracts},
  year      = {2014},
  pages     = {336},
  address   = {Antalya, Turkey},
  keywords = {ownconference},
  langid  = {english}
}






@InProceedings{Syromyatnikov:Lomo-rus:2015,
  author    = {Сыромятников, А. Г.},
  title     = {Определение структуры нанопроводов {C}o на вицинальной поверхности {C}u(111) методом молекулярной динамики},
  booktitle = {Сборник тезисов {XXII} Международной научной конференции студентов, аспирантов и молодых ученых ``Ломоносов---2015''},
  year      = {2015},
  address   = {Москва, Россия},
  month     = apr,
  isbn      = {978-5-317-04946-1},
  keywords = {ownconference}
}





@InProceedings{Syromyatnikov:ECOSS32,
  author    = {Klavsyuk, A. L. and Syromyatnikov, A. G. and Kabanov, N. S.},
  title     = {Ab initio study of structure transition in atom-wide {C}o wires on a vicinal {C}u(111) surface},
  booktitle = {European {C}onference on {S}urface {S}cience ({ECOSS} 32) Book of Abstracts},
  year      = {2016},
  pages     = {443},
  address   = {Grenoble, France},
  keywords = {ownconference},
  langid  = {english}
}

@InProceedings{Syromyatnikov:Lomo:2016,
  author    = {Syromyatnikov, A. G.},
  title     = {Structure phase transition in {C}o nanowires},
  booktitle = {{XXIII} International scientific conference for students, graduate students and young scientists "{L}omonosov --- 2016"},
  year      = {2016},
  address   = {Moscow, Russia},
  month     = apr,
  keywords = {ownconference},
  langid  = {english}
}

@InProceedings{Syromyatnikov:Lomo-rus:2016,
  author    = {Сыромятников, А. Г.},
  title     = {Структурный фазовый переход в нанопроводах кобальта},
  booktitle = {Сборник тезисов {XXIII} Международной научной конференции студентов, аспирантов и молодых ученых ``Ломоносов --- 2016''},
  year      = {2016},
  address   = {Москва, Россия},
  month     = apr,
  isbn      = {978-5-317-05237-9},
  keywords = {ownconference}
}

@InProceedings{Syromyatnikov:CHPH-AC:2016,
  author    = {Морозов, И. И. and Васильев, Е. С. and Карпов, Г. В. and Сыромятников, А. Г. and Шартава, Д. К.},
  title     = {Атмосферные процессы в газе, воде, на поверхности морских солей},
  booktitle = {{XX} Всероссийская школа-конференция молодых учёных ``Состав атмосферы. Атмосферное электричество. Климатические процессы''},
  year      = {2016},
  address   = {с.~Безводное, Нижегородская область, Россия},
  month     = may,
  keywords  = {ownconference, chph},
}






@InProceedings{Syromyatnikov:CHPH-WI:2017,
  author    = {Сыромятников, А. Г.},
  title     = {Формирование атомных цепочек кобальта на поверхности {C}u(775)},
  booktitle = {Сборник тезисов {V} научной молодежной школы-конференции ``Химия, физика, биология: пути интеграции''},
  year      = {2017},
  pages     = {19},
  address   = {Звенигород, Россия},
  month     = may,
  isbn      = {978-5-4465-1497-7},
  keywords = {ownconference}
}






@InProceedings{Syromyatnikov:ICNT:2018,
  author    = {Klavsyuk, A. L. and Syromyatnikov, A. G. and Saletsky, A. M.},
  title     = {{C}o atomic wires on stepped {C}u(111) surface: formation, phase transition},
  booktitle = {{I}nternational {C}onference on {N}ano\-science + {T}echnology {(ICN+T)} 2018 Book of Abstracts},
  year      = {2018},
  month     = jul,
  pages     = {229--230},
  address   = {Brno, Czech Republic},
  keywords = {ownconference},
  langid  = {english}
}

@InProceedings{Syromyatnikov:CHPH-WI:2018,
  author    = {Сыромятников, А. Г. and Клавсюк, А. Л. and Салецкий, А. М.},
  title     = {Моделирование самоорганизации атомных цепочек на ступенчатых поверхностях},
  booktitle = {Сборник тезисов {VI} научной молодежной школы-конференции ``Химия, физика, биология: пути интеграции''},
  year      = {2018},
  pages     = {97--98},
  address   = {Москва, Россия},
  month     = apr,
  isbn      = {978-5-4465-1813-5},
  keywords = {ownconference}
}






@InProceedings{Syromyatnikov2019IBCM,
  author    = {Syromyatnikov, A. and Klavsyuk, A. and Saletsky, A.},
  title     = {Formation and structure phase transition of Co nanowires on vicinal Cu(111) surfaces},
  booktitle = {The 3\textsuperscript{rd} International Baltic Conference on Magnetism 2019 Book of Abstracts},
  year      = {2019},
  pages     = {159},
  publisher = {Svetlogorsk, Russia},
  keywords = {ownconference},
  langid  = {english}
}

@InProceedings{klavsyuk2019IBCM,
  author    = {Klavsyuk, A. and Syromyatnikov, A. and Saletsky, A.},
  title     = {Magnetism and structure of atom-wide Co and Fe wires on a metallic substrate},
  booktitle = {The 3\textsuperscript{rd} International Baltic Conference on Magnetism 2019 Book of Abstracts},
  year      = {2019},
  pages     = {49},
  publisher = {Svetlogorsk, Russia},
  keywords = {ownconference},
  langid  = {english}
}

@InProceedings{Klavsyuk2019IWMW,
  author    = {A.L. Klavsyuk and A.G. Syromyatnikov and A.M. Saletsky},
  title     = {Magnetism and structure on the atomic scale: Atom-wide wires on vicinal metal substrate},
  booktitle = {The 8\textsuperscript{th} International Workshop on Magnetic Wires 2019 Book of Abstracts},
  year      = {2019},
  pages     = {21},
  publisher = {Svetlogorsk, Russia},
  keywords = {ownconference},
  langid  = {english}
}









@InProceedings{Syromyatnikov:CHPH-WI:2020,
  author    = {Сыромятников, А. Г. and Клавсюк, А. Л. and Салецкий, А. М.},
  title     = {Распределения длин одномерных наноструктур, или от равновесия к неравновесию и обратно},
  booktitle = {Сборник тезисов {VIII} научной молодежной школы-конференции ``Химия, физика, биология: пути интеграции''},
  year      = {2020},
  pages     = {39},
  address   = {Москва, Россия},
  month     = apr,
  isbn      = {978-5-4465-2744-1},
  keywords = {ownconference}
}

@Comment{jabref-meta: databaseType:bibtex;}
