% Encoding: UTF-8

@Article{EVANS20061,
  author   = {Evans, J. W. and Thiel, P. A. and Bartelt, M. C.},
  title    = {Morphological evolution during epitaxial thin film growth: Formation of 2D islands and 3D mounds},
  journal  = {Surface Science Reports},
  year     = {2006},
  volume   = {61},
  number   = {1},
  pages    = {1--128},
  issn     = {0167-5729},
  doi      = {10.1016/j.surfrep.2005.08.004},
  keywords = {Homoepitaxial thin film growth, Island nucleation and growth, Multilayer kinetic roughening, Mound formation, Surface diffusion, Step-edge barrier, Atomistic latticeâ€“gas models, Kinetic Monte Carlo simulation},
  langid   = {english},
  url      = {http://www.sciencedirect.com/science/article/pii/S0167572906000021},
}

@Article{PhysRevB.62.15435,
  author    = {Vvedensky, D. D.},
  title     = {Scaling functions for island-size distributions},
  journal   = {Physical Review B},
  year      = {2000},
  volume    = {62},
  pages     = {15435--15438},
  month     = dec,
  doi       = {10.1103/PhysRevB.62.15435},
  issue     = {23},
  langid    = {english},
  numpages  = {0},
  publisher = {American Physical Society},
}

@Article{PhysRevE.91.042408,
  author    = {Dubrovskii, V. G. and Sibirev, N. V.},
  title     = {Analytic scaling function for island-size distributions},
  journal   = {Physical Review E},
  year      = {2015},
  volume    = {91},
  pages     = {042408},
  month     = apr,
  doi       = {10.1103/PhysRevE.91.042408},
  issue     = {4},
  langid    = {english},
  numpages  = {5},
  publisher = {American Physical Society},
}

@Article{PhysRevB.97.235444,
  author    = {Syromyatnikov, Alexey G. and Saletsky, Alexander M. and Klavsyuk, Andrey L.},
  title     = {Distributions of atomic wire lengths},
  journal   = {Physical Review B},
  year      = {2018},
  volume    = {97},
  pages     = {235444},
  month     = jun,
  doi       = {10.1103/PhysRevB.97.235444},
  issue     = {23},
  langid    = {english},
  numpages  = {6},
  publisher = {American Physical Society},
}

@Article{JETPLetters.107.766,
  author  = {Syromyatnikov, A. G. and Saletsky, A. M. and Klavsyuk, A. L.},
  title   = {Dependence of the Distribution of Atomic Chain Lengths on a Vicinal Surface on External Parameters},
  journal = {JETP Letters},
  year    = {2018},
  volume  = {107},
  number  = {12},
  pages   = {766--769},
  issn    = {1090-6487; 0021-3640},
  doi     = {10.1134/S0021364018120147},
  langid  = {english},
}

@Article{JETPLetters.110.348,
  author  = {Syromyatnikov, A. G. and Saletsky, A. M. and Klavsyuk, A. L.},
  title   = {Equilibrium and Nonequilibrium States of One-Dimensional Atomic Structures},
  journal = {JETP Letters},
  year    = {2019},
  volume  = {110},
  number  = {5},
  pages   = {348--351},
  issn    = {1090-6487; 0021-3640},
  doi     = {10.1134/S0021364019170132},
  langid  = {english},
}

@Article{Mocking2013,
  author    = {Mocking, Tijs F. and Bampoulis, Pantelis and Oncel, Nuri and Poelsema, Bene and Zandvliet, Harold J. W.},
  title     = {Electronically stabilized nanowire growth},
  journal   = {Nature Communications},
  year      = {2013},
  volume    = {4},
  pages     = {2387},
  month     = aug,
  doi       = {10.1038/ncomms3387},
  langid    = {english},
  publisher = {Springer Nature},
}

@Article{PhysRevB.72.035426,
  author    = {Albao, M. A. and Evans, M. M. R. and Nogami, J. and Zorn, D. and Gordon, M. S. and Evans, J. W.},
  title     = {Monotonically decreasing size distributions for one-dimensional {G}a rows on {S}i(100)},
  journal   = {Physical Review B},
  year      = {2005},
  volume    = {72},
  pages     = {035426},
  month     = jul,
  doi       = {10.1103/PhysRevB.72.035426},
  issue     = {3},
  langid    = {english},
  numpages  = {8},
  publisher = {American Physical Society},
}

@Article{PhysRevB.76.073402,
  author    = {Tokar, V. I. and Dreyss\'e, H.},
  title     = {Influence of relaxation on the size distribution of mon\-atomic {A}g chains on the steps of a vicinal {P}t surface},
  journal   = {Physical Review B},
  year      = {2007},
  volume    = {76},
  pages     = {073402},
  month     = aug,
  doi       = {10.1103/PhysRevB.76.073402},
  issue     = {7},
  langid    = {english},
  numpages  = {4},
  publisher = {American Physical Society},
}

@Article{PhysRevB.79.165424,
  author    = {Javorsk\'y, Jakub and Setvin, Martin and O\v{s}t'\'adal, Ivan and Sobotik, Pavel and Kotrla, Miroslav},
  title     = {Heterogeneous nucleation and adatom detachment at one-dimensional growth of {I}n on $\text{{S}i}(100)\text{\ensuremath{-}}2\ifmmode\times\else\texttimes\fi{}1$},
  journal   = {Physical Review B},
  year      = {2009},
  volume    = {79},
  pages     = {165424},
  month     = apr,
  doi       = {10.1103/PhysRevB.79.165424},
  issue     = {16},
  langid    = {english},
  numpages  = {9},
  publisher = {American Physical Society},
}

@Article{PhysRevE.79.011602,
  author    = {Shi, Feng and Shim, Yunsic and Amar, Jacques G.},
  title     = {Capture-zone areas in submonolayer nucleation: Effects of dimensionality and short-range interactions},
  journal   = {Physical Review E},
  year      = {2009},
  volume    = {79},
  pages     = {011602},
  month     = jan,
  doi       = {10.1103/PhysRevE.79.011602},
  issue     = {1},
  langid    = {english},
  numpages  = {6},
  publisher = {American Physical Society},
}

@Article{PhysRevE.92.062407,
  author    = {Tokar, V. I. and Dreyss\'e, H.},
  title     = {Universality and scaling in two-step epitaxial growth in one dimension},
  journal   = {Physical Review E},
  year      = {2015},
  volume    = {92},
  pages     = {062407},
  month     = dec,
  doi       = {10.1103/PhysRevE.92.062407},
  issue     = {6},
  langid    = {english},
  numpages  = {10},
  publisher = {American Physical Society},
}

@Article{PhysRevE.95.042802,
  author    = {Albia, Jason R. and Albao, Marvin A.},
  title     = {Dynamic scaling of island size distribution in submonolayer one-dimensional growth},
  journal   = {Physical Review E},
  year      = {2017},
  volume    = {95},
  pages     = {042802},
  month     = apr,
  doi       = {10.1103/PhysRevE.95.042802},
  issue     = {4},
  langid    = {english},
  numpages  = {8},
  publisher = {American Physical Society},
}

@Article{PhysRevE.97.052802,
  author    = {Gonz\'alez, Diego Luis and Camargo, Manuel and S\'anchez, Juli\'an A.},
  title     = {Island size distribution with hindered aggregation},
  journal   = {Physical Review E},
  year      = {2018},
  volume    = {97},
  pages     = {052802},
  month     = may,
  doi       = {10.1103/PhysRevE.97.052802},
  issue     = {5},
  langid    = {english},
  numpages  = {11},
  publisher = {American Physical Society},
}

@Article{PhysRevLett.117.046101,
  author    = {Ferstl, Pascal and Hammer, Lutz and Sobel, Christopher and Gubo, Matthias and Heinz, Klaus and Schneider, M. Alexander and Mittendorfer, Florian and Redinger, Josef},
  title     = {Self-Organized Growth, Structure, and Magnetism of Monatomic Transition-Metal Oxide Chains},
  journal   = {Physical Review Letters},
  year      = {2016},
  volume    = {117},
  pages     = {046101},
  month     = jul,
  doi       = {10.1103/PhysRevLett.117.046101},
  issue     = {4},
  langid    = {english},
  numpages  = {5},
  publisher = {American Physical Society},
}

@Article{PhysRevLett.86.3092,
  author    = {Amar, Jacques G. and Popescu, Mihail N. and Family, Fereydoon},
  title     = {Rate-Equation Approach to Island Capture Zones and Size Distributions in Epitaxial Growth},
  journal   = {Physical Review Letters},
  year      = {2001},
  volume    = {86},
  pages     = {3092--3095},
  month     = apr,
  doi       = {10.1103/PhysRevLett.86.3092},
  issue     = {14},
  langid    = {english},
  numpages  = {0},
  publisher = {American Physical Society},
}

@Article{SurfaceScience.604.1576,
  author  = {Ramadan, A. and Picaud, F. and Ramseyer, C.},
  title   = {Scaling of submonolayer island sizes in {A}g growth on stepped {P}t surfaces},
  journal = {Surface Science},
  year    = {2010},
  volume  = {604},
  number  = {19},
  pages   = {1576--1583},
  issn    = {0039-6028},
  doi     = {10.1016/j.susc.2010.05.027},
  langid  = {english},
}

@Article{SurfaceScience.637.116,
  author  = {Tokar, V. I. and Dreyss{\'{e}}, H.},
  title   = {Size calibration of epitaxial islands via a two-step growth protocol: Kinetic {M}onte {C}arlo and effective-medium theory study},
  journal = {Surface Science},
  year    = {2015},
  volume  = {637-638},
  pages   = {116--123},
  issn    = {0039-6028},
  doi     = {10.1016/j.susc.2015.03.029},
  langid  = {english},
}

@Article{SurfSci.692.121528,
  author  = {Syromyatnikov, Alexey G. and Saletsky, Alexander M. and Klavsyuk, Andrey L.},
  title   = {One-dimensional island size distribution: From non-equilibrium to equilibrium},
  journal = {Surface Science},
  year    = {2020},
  volume  = {693},
  pages   = {121528},
  issn    = {0039-6028},
  doi     = {10.1016/j.susc.2019.121528},
  langid  = {english},
}

@Article{PhysRevB.77.035406,
  author    = {Stinchcombe, R. B. and Aar{\~a}o Reis, F. D. A.},
  title     = {Modeling one-dimensional island growth with mass-dependent detachment rates},
  journal   = {Physical Review B},
  year      = {2008},
  volume    = {77},
  pages     = {035406},
  month     = {Jan},
  doi       = {10.1103/PhysRevB.77.035406},
  issue     = {3},
  langid    = {english},
  numpages  = {8},
  publisher = {American Physical Society},
  url       = {https://link.aps.org/doi/10.1103/PhysRevB.77.035406},
}

@Article{PhysRevE.80.061603,
  author    = {Koc\'an, Pavel and Sobotik, Pavel and O{\v{s}}t'\'adal, Ivan and Setvin, Martin and Haviar, Stanislav},
  title     = {Modeling growth of one-dimensional islands: Influence of reactive defects},
  journal   = {Physical Review E},
  year      = {2009},
  volume    = {80},
  pages     = {061603},
  month     = {Dec},
  doi       = {10.1103/PhysRevE.80.061603},
  issue     = {6},
  langid    = {english},
  numpages  = {7},
  publisher = {American Physical Society},
  url       = {https://link.aps.org/doi/10.1103/PhysRevE.80.061603},
}

@Article{PhysRevB.60.5991,
  author    = {Brune, Harald and Bales, G. Steven and Jacobsen, Joachim and Boragno, Corrado and Kern, Klaus},
  title     = {Measuring surface diffusion from nucleation island densities},
  journal   = {Physical Review B},
  year      = {1999},
  volume    = {60},
  pages     = {5991--6006},
  month     = aug,
  doi       = {10.1103/PhysRevB.60.5991},
  issue     = {8},
  langid    = {english},
  numpages  = {0},
  publisher = {American Physical Society},
}

@Article{JETPLetters.103.588,
  author  = {Kolesnikov, S. V.},
  title   = {Low-temperature study of the magnetic properties of finite atomic chains},
  journal = {JETP Letters},
  year    = {2016},
  volume  = {103},
  number  = {9},
  pages   = {588--592},
  issn    = {1090-6487; 0021-3640},
  doi     = {10.1134/S0021364016090034},
  langid  = {english},
}

@Article{JChemPhys.132.134104,
  author  = {Puchala,Brian and Falk,Michael L. and Garikipati,Krishna},
  title   = {An energy basin finding algorithm for kinetic {M}onte {C}arlo acceleration},
  journal = {The Journal of Chemical Physics},
  year    = {2010},
  volume  = {132},
  number  = {13},
  pages   = {134104},
  doi     = {10.1063/1.3369627},
  langid  = {english},
}

@InProceedings{googleHDD,
  author    = {Eduardo Pinheiro and Wolf-Dietrich Weber and Luiz AndrÃ© Barroso},
  title     = {Failure Trends in a Large Disk Drive Population},
  booktitle = {5th {USENIX} Conference on File and Storage Technologies ({FAST} 2007)},
  year      = {2007},
  pages     = {17--29},
  langid    = {english},
  url       = {https://ai.google/research/pubs/pub32774},
}

@Article{JApplPhys.37.3682,
  author    = {Richard L. Schwoebel and Edward J. Shipsey},
  title     = {Step Motion on Crystal Surfaces},
  journal   = {Journal of Applied Physics},
  year      = {1966},
  volume    = {37},
  number    = {10},
  pages     = {3682--3686},
  month     = sep,
  doi       = {10.1063/1.1707904},
  langid    = {english},
  publisher = {{AIP} Publishing},
  url       = {https://doi.org/10.1063/1.1707904},
}

@Article{JChemPhys.44.1039,
  author    = {Gert Ehrlich and F. G. Hudda},
  title     = {Atomic View of Surface Self-Diffusion: Tungsten on Tungsten},
  journal   = {The Journal of Chemical Physics},
  year      = {1966},
  volume    = {44},
  number    = {3},
  pages     = {1039--1049},
  month     = feb,
  doi       = {10.1063/1.1726787},
  langid    = {english},
  publisher = {{AIP} Publishing},
  url       = {https://doi.org/10.1063/1.1726787},
}

@Comment{jabref-meta: databaseType:bibtex;}
