% Encoding: UTF-8

@Article{Ohnishi1998,
  author    = {Hideaki Ohnishi and Yukihito Kondo and Kunio Takayanagi},
  title     = {Quantized conductance through individual rows of suspended gold atoms},
  journal   = {Nature},
  year      = {1998},
  volume    = {395},
  number    = {6704},
  pages     = {780--783},
  month     = {oct},
  doi       = {10.1038/27399},
  langid    = {english},
  publisher = {Springer Nature},
}

@Article{Requist2016,
  author    = {Ryan Requist and Pier Paolo Baruselli and Alexander Smogunov and Michele Fabrizio and Silvio Modesti and Erio Tosatti},
  title     = {Metallic, magnetic and molecular nanocontacts},
  journal   = {Nature Nanotechnology},
  year      = {2016},
  volume    = {11},
  number    = {6},
  pages     = {499--508},
  month     = {jun},
  doi       = {10.1038/nnano.2016.55},
  langid    = {english},
  publisher = {Springer Nature},
}

@Article{Klavsyuk2015eng,
  author    = {A. L. Klavsyuk and A. M. Saletsky},
  title     = {Formation and properties of metallic atomic contacts},
  journal   = {Physics-Uspekhi},
  year      = {2015},
  volume    = {58},
  number    = {10},
  pages     = {933--951},
  month     = {oct},
  doi       = {10.3367/ufne.0185.201510a.1009},
  langid    = {english},
  publisher = {Uspekhi Fizicheskikh Nauk ({UFN}) Journal},
}

@Article{Klavsyuk2015,
  author    = {А. Л. Клавсюк and А. М. Салецкий},
  title     = {Формирование и свойства металлических атомных контактов},
  journal   = {Успехи физических наук},
  year      = {2015},
  volume    = {185},
  number    = {10},
  pages     = {1009-1030},
  doi       = {10.3367/UFNr.0185.201510a.1009},
  publisher = {Успехи физических наук},
}

@Article{Crain2005,
  author    = {J. N. Crain and D. T. Pierce},
  title     = {End States in One-Dimensional Atom Chains},
  journal   = {Science},
  year      = {2005},
  volume    = {307},
  number    = {5710},
  pages     = {703--706},
  month     = {feb},
  doi       = {10.1126/science.1106911},
  langid    = {english},
  publisher = {American Association for the Advancement of Science ({AAAS})},
}

@Article{Stepanyuk2005,
  author    = {V. S. Stepanyuk and A. N. Klavsyuk and L. Niebergall and P. Bruno},
  title     = {End electronic states in Cu chains on Cu(111): \latin{Ab initio} calculations},
  journal   = {Physical Review B},
  year      = {2005},
  volume    = {72},
  number    = {15},
  pages     = {153407},
  month     = {oct},
  doi       = {10.1103/physrevb.72.153407},
  langid    = {english},
  publisher = {American Physical Society ({APS})},
}

@Article{Erwin2010,
  author    = {Steven C. Erwin and F. J. Himpsel},
  title     = {Intrinsic magnetism at silicon surfaces},
  journal   = {Nature Communications},
  year      = {2010},
  volume    = {1},
  number    = {5},
  pages     = {1--6},
  month     = {aug},
  doi       = {10.1038/ncomms1056},
  langid    = {english},
  publisher = {Springer Nature},
}

@Article{Snijders2010,
  author    = {Paul C. Snijders and Hanno H. Weitering},
  title     = {Colloquium: Electronic instabilities in self-assembled atom wires},
  journal   = {Reviews of Modern Physics},
  year      = {2010},
  volume    = {82},
  number    = {1},
  pages     = {307--329},
  month     = {feb},
  doi       = {10.1103/revmodphys.82.307},
  langid    = {english},
  publisher = {American Physical Society ({APS})},
}

@Article{Blumenstein2011,
  author    = {C. Blumenstein and J. Sch\"afer and S. Mietke and S. Meyer and A. Dollinger and M. Lochner and X. Y. Cui and L. Patthey and R. Matzdorf and R. Claessen},
  title     = {Atomically controlled quantum chains hosting a Tomonaga{\textendash}Luttinger liquid},
  journal   = {Nature Physics},
  year      = {2011},
  volume    = {7},
  number    = {10},
  pages     = {776--780},
  month     = {aug},
  doi       = {10.1038/nphys2051},
  langid    = {english},
  publisher = {Springer Nature},
}

@Article{Park2013,
  author    = {Jewook Park and Sung Won Jung and Min-Cherl Jung and Hiroyuki Yamane and Nobuhiro Kosugi and Han Woong Yeom},
  title     = {Self-Assembled Nanowires with Giant Rashba Split Bands},
  journal   = {Physical Review Letters},
  year      = {2013},
  volume    = {110},
  number    = {3},
  pages     = {036801},
  month     = {jan},
  doi       = {10.1103/physrevlett.110.036801},
  langid    = {english},
  publisher = {American Physical Society ({APS})},
}

@Article{Roeder1993,
  author    = {Holger R\"oder and Elmar Hahn and Harald Brune and Jean-Pierre Bucher and Klaus Kern},
  title     = {Building one- and two-dimensional nanostructures by diffusion-controlled aggregation at surfaces},
  journal   = {Nature},
  year      = {1993},
  volume    = {366},
  number    = {6451},
  pages     = {141--143},
  month     = {nov},
  doi       = {10.1038/366141a0},
  langid    = {english},
  publisher = {Springer Nature},
}

@Article{Zaki2009,
  author    = {Nader Zaki and Denis Potapenko and Peter D. Johnson and Richard M. Osgood},
  title     = {Atom-wide Co wires on Cu(775) at room temperature},
  journal   = {Physical Review B},
  year      = {2009},
  volume    = {80},
  number    = {15},
  pages     = {155419},
  month     = {oct},
  doi       = {10.1103/physrevb.80.155419},
  langid    = {english},
  publisher = {American Physical Society ({APS})},
}

@Article{Stekolnikov2008,
  author    = {A. A. Stekolnikov and F. Bechstedt and M. Wisniewski and J. Schäfer and R. Claessen},
  title     = {Atomic Nanowires on the Pt/Ge(001) Surface: Buried Pt-Ge Versus Top Pt-Pt Chains},
  journal   = {Physical Review Letters},
  year      = {2008},
  volume    = {100},
  number    = {19},
  pages     = {196101},
  month     = {may},
  doi       = {10.1103/physrevlett.100.196101},
  langid    = {english},
  publisher = {American Physical Society ({APS})},
}

@Article{Mocking2013,
  author    = {Tijs F. Mocking and Pantelis Bampoulis and Nuri Oncel and Bene Poelsema and Harold J. W. Zandvliet},
  title     = {Electronically stabilized nanowire growth},
  journal   = {Nature Communications},
  year      = {2013},
  volume    = {4},
  pages     = {2387},
  month     = {aug},
  doi       = {10.1038/ncomms3387},
  langid    = {english},
  publisher = {Springer Nature},
}

@Article{Kabanov2017,
  author    = {N. S. Kabanov and R. Heimbuch and H. J. W. Zandvliet and A. M. Saletsky and A. L. Klavsyuk},
  title     = {Atomic structure of self-organizing iridium induced nanowires on Ge(001)},
  journal   = {Applied Surface Science},
  year      = {2017},
  volume    = {404},
  pages     = {12--17},
  month     = {may},
  doi       = {10.1016/j.apsusc.2017.01.206},
  langid    = {english},
  publisher = {Elsevier {BV}},
}

@Article{Nilius2002,
  author    = {N. Nilius and T. M. Wallis and W. Ho},
  title     = {Development of One-Dimensional Band Structure in Artificial Gold Chains},
  journal   = {Science},
  year      = {2002},
  volume    = {297},
  number    = {5588},
  pages     = {1853--1856},
  month     = {aug},
  doi       = {10.1126/science.1075242},
  langid    = {english},
  publisher = {American Association for the Advancement of Science ({AAAS})},
}

@Article{Do2015,
  author    = {Eui Hwan Do and Han Woong Yeom},
  title     = {Electron Quantization in Broken Atomic Wires},
  journal   = {Physical Review Letters},
  year      = {2015},
  volume    = {115},
  number    = {26},
  pages     = {266803},
  month     = {dec},
  doi       = {10.1103/physrevlett.115.266803},
  langid    = {english},
  publisher = {American Physical Society ({APS})},
}

@Article{Chen2009,
  author    = {C. Chen and C. A. Bobisch and W. Ho},
  title     = {Visualization of Fermi{\textquotesingle}s Golden Rule Through Imaging of Light Emission from Atomic Silver Chains},
  journal   = {Science},
  year      = {2009},
  volume    = {325},
  number    = {5943},
  pages     = {981--985},
  month     = {aug},
  doi       = {10.1126/science.1174592},
  langid    = {english},
  publisher = {American Association for the Advancement of Science ({AAAS})},
}

@Article{Lounis2008,
  author    = {Samir Lounis and Peter H. Dederichs and Stefan Bl\"ugel},
  title     = {Magnetism of Nanowires Driven by Novel Even-Odd Effects},
  journal   = {Physical Review Letters},
  year      = {2008},
  volume    = {101},
  number    = {10},
  pages     = {107204},
  month     = {sep},
  doi       = {10.1103/physrevlett.101.107204},
  langid    = {english},
  publisher = {American Physical Society ({APS})},
}

@Article{Pick2007,
  author    = {S. Pick and P. A. Ignatiev and A. L. Klavsyuk and W. Hergert and V. S. Stepanyuk and P. Bruno},
  title     = {Structure and magnetic properties of Co chains on a stepped Cu surface},
  journal   = {Journal of Physics: Condensed Matter},
  year      = {2007},
  volume    = {19},
  number    = {44},
  pages     = {446001},
  month     = {sep},
  doi       = {10.1088/0953-8984/19/44/446001},
  langid    = {english},
  publisher = {{IOP} Publishing},
}

@Article{Loth2012,
  author    = {S. Loth and S. Baumann and C. P. Lutz and D. M. Eigler and A. J. Heinrich},
  title     = {Bistability in Atomic-Scale Antiferromagnets},
  journal   = {Science},
  year      = {2012},
  volume    = {335},
  number    = {6065},
  pages     = {196--199},
  month     = {jan},
  doi       = {10.1126/science.1214131},
  langid    = {english},
  publisher = {American Association for the Advancement of Science ({AAAS})},
}

@Article{Gambardella2006,
  author    = {P. Gambardella and H. Brune and K. Kern and V. I. Marchenko},
  title     = {Equilibrium island-size distribution in one dimension},
  journal   = {Physical Review B},
  year      = {2006},
  volume    = {73},
  number    = {24},
  pages     = {245425},
  month     = {jun},
  doi       = {10.1103/physrevb.73.245425},
  langid    = {english},
  publisher = {American Physical Society ({APS})},
}

@Article{Syromyatnikov2017eng,
  author    = {A. G. Syromyatnikov and N. S. Kabanov and A. M. Saletsky and A. L. Klavsyuk},
  title     = {Formation and structural phase transition in Co atomic chains on a Cu(775) surface},
  journal   = {Journal of Experimental and Theoretical Physics},
  year      = {2017},
  volume    = {124},
  number    = {1},
  pages     = {139--142},
  month     = {jan},
  doi       = {10.1134/s1063776116130197},
  langid    = {english},
  publisher = {Pleiades Publishing Ltd},
}

@Article{Syromyatnikov2017,
  author   = {Сыромятников, А. Г. and Кабанов, Н. С. and Салецкий, А. М. and Клавсюк, А. Л.},
  title    = {Формирование и структурный фазовый переход в атомных цепочках {C}o на поверхности {C}u(775)},
  journal  = {ЖЭТФ},
  year     = {2017},
  volume   = {151},
  number   = {1},
  pages    = {160--164},
  month    = {1},
  abstract = {Кинетическим методом Монте-Карло исследовано формирование атомных цепочек Co на поверхности Сu(775). Выявлено, что длина атомных цепочек Co, формирующихся в результате самоорганизации при эпитаксиальном росте, - величина случайная, а ее среднее значение зависит от параметров эксперимента. В рамках теории функционала плотности обнаружено наличие двух структурных фаз в атомных цепочках. В первой фазе расстояния между атомом и двумя ближайшими соседями в цепочке равны 0.230 нм и 0.280 нм. Во второй фазе атомная цепочка имеет одинаковые межатомные расстояния 0.255 нм. Показано, что температура структурного фазового перехода зависит от длины атомной цепочки. },
  doi      = {10.7868/S0370274X14130050},
  keywords = {russian},
  language = {russian},

}

@Article{Mo2005,
  author    = {Yina Mo and Kalman Varga and Efthimios Kaxiras and Zhenyu Zhang},
  title     = {Kinetic Pathway for the Formation of Fe Nanowires on Stepped Cu(111) Surfaces},
  journal   = {Physical Review Letters},
  year      = {2005},
  volume    = {94},
  number    = {15},
  pages     = {155503},
  month     = {apr},
  doi       = {10.1103/physrevlett.94.155503},
  langid    = {english},
  publisher = {American Physical Society ({APS})},
}

@Article{Ding2007,
  author    = {H. F. Ding and V. S. Stepanyuk and P. A. Ignatiev and N. N. Negulyaev and L. Niebergall and M. Wasniowska and C. L. Gao and P. Bruno and J. Kirschner},
  title     = {Self-organized long-period adatom strings on stepped metal surfaces: Scanning tunneling microscopy, \latin{ab initio} calculations, and kinetic Monte Carlo simulations},
  journal   = {Physical Review B},
  year      = {2007},
  volume    = {76},
  number    = {3},
  pages     = {033409},
  month     = {jul},
  doi       = {10.1103/physrevb.76.033409},
  langid    = {english},
  publisher = {American Physical Society ({APS})},
}

@Article{Syromyatnikov2014eng,
  author    = {A. G. Syromyatnikov and A. L. Klavsyuk and A. M. Saletsky},
  title     = {Analysis of interactions between Co adatoms on the vicinal Cu(111) surface},
  journal   = {JETP Letters},
  year      = {2014},
  volume    = {100},
  number    = {1},
  pages     = {24--27},
  month     = {sep},
  doi       = {10.1134/s0021364014130116},
  langid    = {english},
  publisher = {Pleiades Publishing Ltd},
}

@Article{Syromyatnikov2014,
  author   = {Сыромятников, А. Г. and Клавсюк, А. Л. and Салецкий, А. М.},
  title    = {Исследование взаимодействия адатомов {C}o на вицинальной поверхности {С}u(111)},
  journal  = {Письма в ЖЭТФ},
  year     = {2014},
  volume   = {100},
  number   = {1},
  pages    = {26--29},
  issn     = {0021-3640},
  abstract = {В рамках теории функционала электронной плотности методом гриновских функций Корринги-Кона-Ростокера вычислены энергии взаимодействия адатомов Co на вицинальной поверхности Сu(111). Продемонстрировано, что взаимодействие между адатомами Co существенным образом зависит от расстояния до ступени. Наши расчеты показали, что значение отталкивающего барьера ступени для адатома Co на верхней террасе больше, чем на нижней.},
  doi      = {10.7868/S0370274X14130050},
  file     = {:articles/Syromyatnikov2014.pdf:PDF},
  keywords = {russian},
  language = {russian},
}

@Article{Tokar2011,
  author    = {V. I. Tokar and H. Dreyss{\'{e}}},
  title     = {Monotonic and bimodal size distributions of surface nanowires caused by postdeposition annealing},
  journal   = {Physical Review B},
  year      = {2011},
  volume    = {84},
  number    = {8},
  pages     = {085456},
  month     = {aug},
  doi       = {10.1103/physrevb.84.085456},
  langid    = {english},
  publisher = {American Physical Society ({APS})},
}

@Article{Kresse1993,
  author    = {G. Kresse and J. Hafner},
  title     = {Ab initiomolecular dynamics for open-shell transition metals},
  journal   = {Physical Review B},
  year      = {1993},
  volume    = {48},
  number    = {17},
  pages     = {13115--13118},
  month     = {nov},
  doi       = {10.1103/physrevb.48.13115},
  langid    = {english},
  publisher = {American Physical Society ({APS})},
}

@Article{Kresse1999,
  author    = {G. Kresse and D. Joubert},
  title     = {From ultrasoft pseudopotentials to the projector augmented-wave method},
  journal   = {Physical Review B},
  year      = {1999},
  volume    = {59},
  number    = {3},
  pages     = {1758--1775},
  month     = {jan},
  doi       = {10.1103/physrevb.59.1758},
  langid    = {english},
  publisher = {American Physical Society ({APS})},
}

@Article{Bellisario2009,
  author    = {Darin O. Bellisario and Jeong Woo Han and Heather L. Tierney and Ashleigh E. Baber and David S. Sholl and E. Charles H. Sykes},
  title     = {Importance of Kinetics in Surface Alloying: A Comparison of the Diffusion Pathways of Pd and Ag Atoms on Cu(111)},
  journal   = {The Journal of Physical Chemistry C},
  year      = {2009},
  volume    = {113},
  number    = {29},
  pages     = {12863--12869},
  month     = {jul},
  doi       = {10.1021/jp903541k},
  langid    = {english},
  publisher = {American Chemical Society ({ACS})},
}

@Article{Syromyatnikov2016,
  author    = {A. G. Syromyatnikov and S. V. Kolesnikov and A. M. Saletsky and A. L. Klavsyuk},
  title     = {The structure phase transition in atom-wide Co wires on a vicinal Cu$\lbrace$111$\rbrace$ surface},
  journal   = {Materials Letters},
  year      = {2016},
  volume    = {179},
  pages     = {69--72},
  month     = {sep},
  doi       = {10.1016/j.matlet.2016.05.024},
  langid    = {english},
  publisher = {Elsevier {BV}},
}

@Article{Fichthorn1991,
  author    = {Kristen A. Fichthorn and W. H. Weinberg},
  title     = {Theoretical foundations of dynamical {M}onte-{C}arlo simulations},
  journal   = {The Journal of Chemical Physics},
  year      = {1991},
  volume    = {95},
  number    = {2},
  pages     = {1090--1096},
  month     = {jul},
  doi       = {10.1063/1.461138},
  langid    = {english},
  publisher = {{AIP} Publishing},
}

@Article{Wildberger1997,
  author    = {K. Wildberger and R. Zeller and P. H. Dederichs},
  title     = {Screened {KKR}-{G}reen{\textquotesingle}s-function method for layered systems},
  journal   = {Physical Review B},
  year      = {1997},
  volume    = {55},
  number    = {15},
  pages     = {10074--10080},
  month     = {apr},
  doi       = {10.1103/physrevb.55.10074},
  langid    = {english},
  publisher = {American Physical Society ({APS})},
}

@Article{Bellini2001,
  author    = {V. Bellini and N. Papanikolaou and R. Zeller and P. H. Dederichs},
  title     = {Magnetic $4d$ monoatomic rows on {A}g vicinal surfaces},
  journal   = {Physical Review B},
  year      = {2001},
  volume    = {64},
  number    = {9},
  pages     = {094403},
  month     = {jul},
  doi       = {10.1103/physrevb.64.094403},
  langid    = {english},
  publisher = {American Physical Society ({APS})},
}

@Article{Yilmaz2005,
  author    = {Yilmaz, M. B. and Zimmermann, Frank M.},
  title     = {Exact cluster size distribution in the one-dimensional Ising model},
  journal   = {Physical Review E},
  year      = {2005},
  volume    = {71},
  pages     = {026127},
  month     = {Feb},
  doi       = {10.1103/PhysRevE.71.026127},
  issue     = {2},
  langid    = {english},
  numpages  = {5},
  publisher = {American Physical Society},
}

@Article{Kolesnikov2013,
  author    = {S. V. Kolesnikov and A. L. Klavsyuk and A. M. Saletsky},
  title     = {Self-organisation and magnetic properties of {C}o nanostructures embedded in a {C}u(100) surface},
  journal   = {Surface Science},
  year      = {2013},
  volume    = {612},
  pages     = {48--56},
  month     = {jun},
  doi       = {10.1016/j.susc.2013.02.008},
  langid    = {english},
  publisher = {Elsevier {BV}},
}

@Article{Kolesnikov2018,
  author  = {С. В. Колесников and А. М. Салецкий and С. А. Докукин and А. Л. Клавсюк},
  title   = {Кинетический метод {М}онте-{К}арло: математические основы и приложения к физике низкоразмерных наноструктур},
  journal = {Математическое моделирование},
  year    = {2018},
  volume  = {30},
  number  = {2},
  pages   = {48--80},
}

@Article{YongHan2014,
  author   = {Yong Han},
  title    = {Analysis of magic lengths in growth of supported metallic nanowires},
  journal  = {Materials Research Express},
  year     = {2014},
  volume   = {1},
  number   = {4},
  pages    = {045030},
  abstract = {Metallic nanowires can exhibit fascinating physical properties. These unique properties often originate primarily from the quantum confinement of free electrons in a potential well, while electron–electron interactions do not play a decisive role. A recent experimental study shows that self-assembled Ir nanowires grown on Ge(001) surface have a strong length preference: the nanowire lengths are an integer multiple of 4.8 nm. In this paper, a free-electron-gas model for geometries corresponding to the nanowires is used to analyze the selection of these preferred or magic lengths. The model shows that the inclusion of even numbers of free electrons in an Ir nanowire produces these magic lengths once an electron spillage effect is taken into account. The model also shows that the stability of the nanowire diminishes with its increasing length, and consequently suggests why no long nanowires are observed in experiments. It is also shown that applying generic results for quantum size effects in a nanofilm geometry is not adequate to accurately describe the length selection in the rather different nanowire geometry, where the transverse dimensions are smaller than the electron Fermi wavelength. Finally, monatomic Au chain growth on Ge(001) surface is also analyzed. In contrast to Ir nanowires, the model shows that the stability of an Au chain depends strongly on the extent of electron spillage.},
  langid   = {english},
}

@Comment{jabref-meta: databaseType:bibtex;}
