% Encoding: UTF-8

@Article{Science.16.1130,
  author    = {Gambardella, P.},
  title     = {Giant Magnetic Anisotropy of Single Cobalt Atoms and Nanoparticles},
  journal   = {Science},
  year      = {2003},
  volume    = {300},
  number    = {5622},
  pages     = {1130--1133},
  month     = may,
  doi       = {10.1126/science.1082857},
  langid    = {english},
  publisher = {American Association for the Advancement of Science ({AAAS})},
}

@Article{NJP.11.113046,
  author    = {ViolBarbosa, Carlos Eduardo and Fujii, Jun and Panaccione, Giancarlo and Rossi, Giorgio},
  title     = {Structure and magnetism of self-assembled Fe nanowires on a faceted Cu(332) surface: the influence of oxygen-induced reconstruction},
  journal   = {New Journal of Physics},
  year      = {2009},
  volume    = {11},
  number    = {11},
  pages     = {113046},
  month     = nov,
  doi       = {10.1088/1367-2630/11/11/113046},
  langid    = {english},
  publisher = {{IOP} Publishing},
}

@Article{JApplPhys.100.084304,
  author    = {Chang, H. W. and Yuan, F. T. and Yao, Y. D. and Cheng, W. Y. and Su, W. B. and Chang, C. S. and Lee, C. W. and Cheng, W. C.},
  title     = {Step edge growth of Co nanoislands on Cu(111) surface},
  journal   = {Journal of Applied Physics},
  year      = {2006},
  volume    = {100},
  number    = {8},
  pages     = {084304},
  month     = oct,
  doi       = {10.1063/1.2357997},
  langid    = {english},
  publisher = {{AIP} Publishing},
}

@Article{JPCC.117.18464,
  author    = {Ma, Li-Ying and Picone, Andrea and Wagner, Margareta and Surnev, Svetlozar and Barcaro, G. and Fortunelli, A. and Netzer, Falko P.},
  title     = {Structure and Electronic Properties of {CoO} Nanostructures on a Vicinal Pd(100) Surface},
  journal   = {The Journal of Physical Chemistry C},
  year      = {2013},
  volume    = {117},
  number    = {36},
  pages     = {18464--18474},
  month     = sep,
  doi       = {10.1021/jp4052424},
  langid    = {english},
  publisher = {American Chemical Society ({ACS})},
}

@Article{PhysRevLett.94.155503,
  author    = {Mo, Yina and Varga, Kalman and Kaxiras, Efthimios and Zhang, Zhenyu},
  title     = {Kinetic Pathway for the Formation of Fe Nanowires on Stepped Cu(111) Surfaces},
  journal   = {Physical Review Letters},
  year      = {2005},
  volume    = {94},
  pages     = {155503},
  month     = apr,
  doi       = {10.1103/PhysRevLett.94.155503},
  issue     = {15},
  langid    = {english},
  numpages  = {4},
  publisher = {American Physical Society},
}

@Article{SurfaceScience.605.917,
  author    = {Essolaani, Wafa and Picaud, Fabien and Ramseyer, Christophe and Gambardella, Pietro and Saïd, Moncef and Spanjaard, Daniel and Desjonqu{\`{e}}res, Marie-Catherine},
  title     = {Formation of one-dimensional ordered alloy at step edges: An atomistic study of the (2{\texttimes}1) Ni/Pt alloy on the Pt(997) surface},
  journal   = {Surface Science},
  year      = {2011},
  volume    = {605},
  number    = {9-10},
  pages     = {917--922},
  month     = may,
  doi       = {10.1016/j.susc.2011.02.004},
  langid    = {english},
  publisher = {Elsevier {BV}},
}

@Article{JPCM.19.446001,
  author    = {Pick, \v{S} and Ignatiev, P. A. and Klavsyuk, A. L. and Hergert, W. and Stepanyuk, V. S. and Bruno, P.},
  title     = {Structure and magnetic properties of Co chains on a stepped Cu surface},
  journal   = {Journal of Physics: Condensed Matter},
  year      = {2007},
  volume    = {19},
  number    = {44},
  pages     = {446001},
  month     = sep,
  doi       = {10.1088/0953-8984/19/44/446001},
  langid    = {english},
  publisher = {{IOP} Publishing},
}

@Article{PhysRevB.75.155428,
  author    = {Ignatiev, P. A. and Stepanyuk, V. S. and Klavsyuk, A. L. and Hergert, W. and Bruno, P.},
  title     = {Electronic confinement on stepped Cu(111) surfaces: Ab initio study},
  journal   = {Physical Review B},
  year      = {2007},
  volume    = {75},
  pages     = {155428},
  month     = apr,
  doi       = {10.1103/PhysRevB.75.155428},
  issue     = {15},
  langid    = {english},
  numpages  = {5},
  publisher = {American Physical Society},
}

@Article{PhysRevB.79.155410,
  author    = {Stepanyuk, Oleg V. and Negulyaev, Nikolay N. and Ignatiev, Pavel A. and Przybylski, Marek and Hergert, Wolfram and Saletsky, Alexander M. and Kirschner, J\"urgen},
  title     = {Intermixing-driven scenario for the growth of nanowires on (110) metal surfaces},
  journal   = {Physical Review B},
  year      = {2009},
  volume    = {79},
  pages     = {155410},
  month     = apr,
  doi       = {10.1103/PhysRevB.79.155410},
  issue     = {15},
  langid    = {english},
  numpages  = {5},
  publisher = {American Physical Society},
}

@Article{PhysRevB.68.205410,
  author    = {Stepanyuk, V. S. and Baranov, A. N. and Tsivlin, D. V. and Hergert, W. and Bruno, P. and Knorr, N. and Schneider, M. A. and Kern, K.},
  title     = {Quantum interference and long-range adsorbate-adsorbate interactions},
  journal   = {Physical Review B},
  year      = {2003},
  volume    = {68},
  pages     = {205410},
  month     = nov,
  doi       = {10.1103/PhysRevB.68.205410},
  issue     = {20},
  langid    = {english},
  numpages  = {5},
  publisher = {American Physical Society},
}

@Article{PhysRevB.79.115433,
  author    = {Kolesnikov, S. V. and Klavsyuk, A. L. and Saletsky, A. M.},
  title     = {Atomic-scale self-organization of Co nanostructures embedded into Cu(100)},
  journal   = {Physical Review B},
  year      = {2009},
  volume    = {79},
  pages     = {115433},
  month     = mar,
  doi       = {10.1103/PhysRevB.79.115433},
  issue     = {11},
  langid    = {english},
  numpages  = {5},
  publisher = {American Physical Society},
}

@Article{PhysRevB.70.075414,
  author    = {Stepanyuk, V. S. and Niebergall, L. and Longo, R. C. and Hergert, W. and Bruno, P.},
  title     = {Magnetic nanostructures stabilized by surface-state electrons},
  journal   = {Physical Review B},
  year      = {2004},
  volume    = {70},
  pages     = {075414},
  month     = aug,
  doi       = {10.1103/PhysRevB.70.075414},
  issue     = {7},
  langid    = {english},
  numpages  = {5},
  publisher = {American Physical Society},
}

@Article{PhysRevLett.92.016101,
  author    = {Silly, Fabien and Pivetta, Marina and Ternes, Markus and Patthey, Fran\ifmmode \mbox{\c{c}}\else \c{c}\fi{}ois and Pelz, Jonathan P. and Schneider, Wolf-Dieter},
  title     = {Creation of an Atomic Superlattice by Immersing Metallic Adatoms in a Two-Dimensional Electron Sea},
  journal   = {Physical Review Letters},
  year      = {2004},
  volume    = {92},
  pages     = {016101},
  month     = jan,
  doi       = {10.1103/PhysRevLett.92.016101},
  issue     = {1},
  langid    = {english},
  numpages  = {4},
  publisher = {American Physical Society},
}

@Article{PhysRev.60.661,
  author    = {Smoluchowski, R.},
  title     = {Anisotropy of the Electronic Work Function of Metals},
  journal   = {Physical Review},
  year      = {1941},
  volume    = {60},
  pages     = {661--674},
  month     = nov,
  doi       = {10.1103/PhysRev.60.661},
  issue     = {9},
  langid    = {english},
  numpages  = {0},
  publisher = {American Physical Society},
}

@Article{EPL.103.48002,
  author    = {Kolesnikov, S. V. and Kolesnikova, I. N. and Klavsyuk, A. L. and Saletsky, A. M.},
  title     = {Formation of gold nanocontacts in an ultrahigh vacuum transmission electron microscope: A kinetic Monte Carlo simulation},
  journal   = {{EPL} (Europhysics Letters)},
  year      = {2013},
  volume    = {103},
  number    = {4},
  pages     = {48002},
  month     = aug,
  doi       = {10.1209/0295-5075/103/48002},
  langid    = {english},
  publisher = {{IOP} Publishing},
}

@Article{Nature.363.524,
  author    = {Crommie, M. F. and Lutz, C. P. and Eigler, D. M.},
  title     = {Imaging standing waves in a two-dimensional electron gas},
  journal   = {Nature},
  year      = {1993},
  volume    = {363},
  number    = {6429},
  pages     = {524--527},
  month     = jun,
  doi       = {10.1038/363524a0},
  langid    = {english},
  publisher = {Springer Science and Business Media {LLC}},
}

@Article{UFN.157.631,
  author    = {Браун, О. М. and Медведев, В. К.},
  title     = {Взаимодействие между частицами, адсорбированными на поверхности металлов},
  journal   = {Успехи физических наук},
  year      = {1989},
  volume    = {157},
  number    = {4},
  pages     = {631--666},
  doi       = {10.3367/UFNr.0157.198904c.0631},
  publisher = {Успехи физических наук},
  url       = {https://ufn.ru/ru/articles/1989/4/c/},
}

@Article{JTPL.99.329,
  author  = {Колесников, С. В.},
  title   = {Самоорганизация наноструктур из атомов железа в первом слое поверхности меди (100)},
  journal = {Письма в ЖЭТФ},
  year    = {2014},
  volume  = {99},
  number  = {5},
  pages   = {329--332},
  doi     = {10.1134/S0021364014050117},
  url     = {http://www.jetpletters.ac.ru/ps/2033/article_30650.shtml},
}

@Article{PhysRevB.76.033409,
  author    = {Ding, H. F. and Stepanyuk, V. S. and Ignatiev, P. A. and Negulyaev, N. N. and Niebergall, L. and Wasniowska, M. and Gao, C. L. and Bruno, P. and Kirschner, J.},
  title     = {Self-organized long-period adatom strings on stepped metal surfaces: Scanning tunneling microscopy, ab initio calculations, and kinetic Monte Carlo simulations},
  journal   = {Physical Review B},
  year      = {2007},
  volume    = {76},
  pages     = {033409},
  month     = {Jul},
  doi       = {10.1103/PhysRevB.76.033409},
  issue     = {3},
  langid    = {english},
  numpages  = {4},
  publisher = {American Physical Society},
  url       = {https://link.aps.org/doi/10.1103/PhysRevB.76.033409},
}

@Article{PhysRevB.84.085456,
  author    = {Tokar, V. I. and Dreyss\'e, H.},
  title     = {Monotonic and bimodal size distributions of surface nanowires caused by postdeposition annealing},
  journal   = {Physical Review B},
  year      = {2011},
  volume    = {84},
  pages     = {085456},
  month     = {Aug},
  doi       = {10.1103/PhysRevB.84.085456},
  issue     = {8},
  langid    = {english},
  numpages  = {9},
  publisher = {American Physical Society},
  url       = {https://link.aps.org/doi/10.1103/PhysRevB.84.085456},
}

@Article{Syromyatnikov2014,
  author    = {Syromyatnikov, A. G. and Klavsyuk, A. L. and Saletsky, A. M.},
  title     = {Analysis of Interactions between {C}o Adatoms on the Vicinal {C}u(111) Surface},
  journal   = {JETP Letters},
  year      = {2014},
  volume    = {100},
  number    = {1},
  pages     = {24--27},
  issn      = {0021-3640},
  doi       = {10.1134/S0021364014130116},
  langid    = {english},
  publisher = {Pleiades Publishing},
}

@Article{Braun1989,
  author    = {О. М. Браун and В. К. Медведев},
  title     = {Взаимодействие между частицами, адсорбированными на поверхности металлов},
  journal   = {Успехи физических наук},
  year      = {1989},
  volume    = {157},
  number    = {4},
  pages     = {631-666},
  doi       = {10.3367/UFNr.0157.198904c.0631},
  publisher = {Успехи физических наук},
  url       = {https://ufn.ru/ru/articles/1989/4/c/},
}

@Comment{jabref-meta: databaseType:bibtex;}
