% Encoding: UTF-8

@Article{PhysRevB.73.245425,
  author    = {Gambardella, P. and Brune, H. and Kern, K. and Marchenko, V. I.},
  title     = {Equilibrium island-size distribution in one dimension},
  journal   = {Physical Review B},
  year      = {2006},
  volume    = {73},
  pages     = {245425},
  month     = {Jun},
  doi       = {10.1103/PhysRevB.73.245425},
  issue     = {24},
  langid    = {english},
  numpages  = {4},
  publisher = {American Physical Society},
  url       = {https://link.aps.org/doi/10.1103/PhysRevB.73.245425},
}

@Article{PhysRevE.71.026127,
  author    = {Yilmaz, M. B. and Zimmermann, Frank M.},
  title     = {Exact cluster size distribution in the one-dimensional Ising model},
  journal   = {Physical Review E},
  year      = {2005},
  volume    = {71},
  pages     = {026127},
  month     = {Feb},
  doi       = {10.1103/PhysRevE.71.026127},
  issue     = {2},
  langid    = {english},
  numpages  = {5},
  publisher = {American Physical Society},
  url       = {https://link.aps.org/doi/10.1103/PhysRevE.71.026127},
}

@Article{Mller1951,
  author    = {Erwin W. M\"uller},
  title     = {Das Feldionenmikroskop},
  journal   = {Zeitschrift f\"ur Physik},
  year      = {1951},
  volume    = {131},
  number    = {1},
  pages     = {136--142},
  month     = mar,
  doi       = {10.1007/bf01329651},
  langid    = {german},
  publisher = {Springer Science and Business Media {LLC}},
  url       = {https://doi.org/10.1007/bf01329651},
}

@Book{Oura2003,
  title     = {Surface Science},
  publisher = {Springer Berlin Heidelberg},
  year      = {2003},
  author    = {K. Oura and M. Katayama and A. V. Zotov and V. G. Lifshits and A. A. Saranin},
  isbn      = {978-3-662-05179-5},
  doi       = {10.1007/978-3-662-05179-5},
  langid    = {english},
  url       = {https://doi.org/10.1007/978-3-662-05179-5},
}

@Article{Mller1937,
  author    = {Erwin W. M\"uller},
  title     = {Elektronenmikroskopische Beobachtungen von Feldkathoden},
  journal   = {Zeitschrift f\"ur Physik},
  year      = {1937},
  volume    = {106},
  number    = {9-10},
  pages     = {541--550},
  month     = sep,
  doi       = {10.1007/bf01339895},
  langid    = {german},
  publisher = {Springer Science and Business Media {LLC}},
  url       = {https://doi.org/10.1007/bf01339895},
}

@Article{Bauer1994,
  author    = {E Bauer},
  title     = {Surface electron microscopy: the first thirty years},
  journal   = {Surface Science},
  year      = {1994},
  volume    = {299-300},
  pages     = {102--115},
  month     = jan,
  doi       = {10.1016/0039-6028(94)90649-1},
  langid    = {english},
  publisher = {Elsevier {BV}},
  url       = {https://doi.org/10.1016/0039-6028(94)90649-1},
}

@Article{Bauer1994a,
  author    = {E Bauer},
  title     = {Low energy electron microscopy},
  journal   = {Reports on Progress in Physics},
  year      = {1994},
  volume    = {57},
  number    = {9},
  pages     = {895--938},
  month     = sep,
  doi       = {10.1088/0034-4885/57/9/002},
  langid    = {english},
  publisher = {{IOP} Publishing},
  url       = {https://doi.org/10.1088/0034-4885/57/9/002},
}

@Article{Ibach1994,
  author    = {H. Ibach},
  title     = {Electron energy loss spectroscopy: the vibration spectroscopy of surfaces},
  journal   = {Surface Science},
  year      = {1994},
  volume    = {299-300},
  pages     = {116--128},
  month     = jan,
  doi       = {10.1016/0039-6028(94)90650-5},
  langid    = {english},
  publisher = {Elsevier {BV}},
  url       = {https://doi.org/10.1016/0039-6028(94)90650-5},
}

@Book{Ibach1991,
  title     = {Electron Energy Loss Spectrometers},
  publisher = {Springer Berlin Heidelberg},
  year      = {1991},
  author    = {Harald Ibach},
  doi       = {10.1007/978-3-540-47157-8},
  langid    = {english},
  url       = {https://doi.org/10.1007/978-3-540-47157-8},
}

@Article{Greenler1966,
  author    = {Robert G. Greenler},
  title     = {Infrared Study of Adsorbed Molecules on Metal Surfaces by Reflection Techniques},
  journal   = {The Journal of Chemical Physics},
  year      = {1966},
  volume    = {44},
  number    = {1},
  pages     = {310--315},
  month     = jan,
  doi       = {10.1063/1.1726462},
  langid    = {english},
  publisher = {{AIP} Publishing},
  url       = {https://doi.org/10.1063/1.1726462},
}

@Article{DUMAS1999,
  author    = {P. Dumas and M. K. Weldon and Y. J. Chabal and G. P. Williams},
  title     = {Molecules at Surfaces and Interfaces Studied Using Vibrational Spectroscopies and Related Techniques},
  journal   = {Surface Review and Letters},
  year      = {1999},
  volume    = {06},
  number    = {02},
  pages     = {225--255},
  month     = apr,
  doi       = {10.1142/s0218625x99000263},
  langid    = {english},
  publisher = {World Scientific Pub Co Pte Lt},
  url       = {https://doi.org/10.1142/s0218625x99000263},
}

@Article{PhysRevLett.56.930,
  author    = {Binnig, G. and Quate, C. F. and Gerber, Ch.},
  title     = {Atomic Force Microscope},
  journal   = {Physical Review Letters},
  year      = {1986},
  volume    = {56},
  pages     = {930--933},
  month     = {Mar},
  doi       = {10.1103/PhysRevLett.56.930},
  issue     = {9},
  langid    = {english},
  numpages  = {0},
  publisher = {American Physical Society},
  url       = {https://link.aps.org/doi/10.1103/PhysRevLett.56.930},
}

@Article{Binnig1982,
  author    = {G. Binnig and H. Rohrer and Ch. Gerber and E. Weibel},
  title     = {Tunneling through a controllable vacuum gap},
  journal   = {Applied Physics Letters},
  year      = {1982},
  volume    = {40},
  number    = {2},
  pages     = {178--180},
  month     = jan,
  doi       = {10.1063/1.92999},
  langid    = {english},
  publisher = {{AIP} Publishing},
  url       = {https://doi.org/10.1063/1.92999},
}

@Article{Bradshaw1969,
  author    = {A.M. Bradshaw and J. Pritchard},
  title     = {Infra-red spectra of carbon monoxide on evaporated nickel films},
  journal   = {Surface Science},
  year      = {1969},
  volume    = {17},
  number    = {2},
  pages     = {372--386},
  month     = oct,
  doi       = {10.1016/0039-6028(69)90105-8},
  langid    = {english},
  publisher = {Elsevier {BV}},
  url       = {https://doi.org/10.1016/0039-6028(69)90105-8},
}

@Article{denHaan2014,
  author    = {A. M. J. den Haan and G. H. C. J. Wijts and F. Galli and O. Usenko and G. J. C. van Baarle and D. J. van der Zalm and T. H. Oosterkamp},
  title     = {Atomic resolution scanning tunneling microscopy in a cryogen free dilution refrigerator at 15 {mK}},
  journal   = {Review of Scientific Instruments},
  year      = {2014},
  volume    = {85},
  number    = {3},
  pages     = {035112},
  month     = mar,
  doi       = {10.1063/1.4868684},
  langid    = {english},
  publisher = {{AIP} Publishing},
  url       = {https://doi.org/10.1063/1.4868684},
}

@Article{Song2010,
  author    = {Young Jae Song and Alexander F. Otte and Young Kuk and Yike Hu and David B. Torrance and Phillip N. First and Walt A. de Heer and Hongki Min and Shaffique Adam and Mark D. Stiles and Allan H. MacDonald and Joseph A. Stroscio},
  title     = {High-resolution tunnelling spectroscopy of a graphene quartet},
  journal   = {Nature},
  year      = {2010},
  volume    = {467},
  number    = {7312},
  pages     = {185--189},
  month     = sep,
  doi       = {10.1038/nature09330},
  langid    = {english},
  publisher = {Springer Science and Business Media {LLC}},
  url       = {https://doi.org/10.1038/nature09330},
}

@Article{Frenken2017,
  author    = {Joost W.M. Frenken and Irene M.N. Groot},
  title     = {Seeing dynamic phenomena with live scanning tunneling microscopy},
  journal   = {{MRS} Bulletin},
  year      = {2017},
  volume    = {42},
  number    = {11},
  pages     = {834--841},
  month     = nov,
  doi       = {10.1557/mrs.2017.239},
  langid    = {english},
  publisher = {Cambridge University Press ({CUP})},
  url       = {https://doi.org/10.1557/mrs.2017.239},
}

@Article{Giesen2001,
  author    = {Margret Giesen},
  title     = {Step and island dynamics at solid/vacuum and solid/liquid interfaces},
  journal   = {Progress in Surface Science},
  year      = {2001},
  volume    = {68},
  number    = {1-3},
  pages     = {1--153},
  month     = sep,
  doi       = {10.1016/s0079-6816(00)00021-6},
  langid    = {english},
  publisher = {Elsevier {BV}},
  url       = {https://doi.org/10.1016/s0079-6816(00)00021-6},
}

@Article{PhysRevLett.50.120,
  author    = {Binnig, G. and Rohrer, H. and Gerber, Ch. and Weibel, E.},
  title     = {7 \ifmmode\times\else\texttimes\fi{} 7 Reconstruction on Si(111) Resolved in Real Space},
  journal   = {Physical Review Letters},
  year      = {1983},
  volume    = {50},
  pages     = {120--123},
  month     = {Jan},
  doi       = {10.1103/PhysRevLett.50.120},
  issue     = {2},
  langid    = {english},
  numpages  = {0},
  publisher = {American Physical Society},
  url       = {https://link.aps.org/doi/10.1103/PhysRevLett.50.120},
}

@Article{PhysRevLett.49.57,
  author    = {Binnig, G. and Rohrer, H. and Gerber, Ch. and Weibel, E.},
  title     = {Surface Studies by Scanning Tunneling Microscopy},
  journal   = {Physical Review Letters},
  year      = {1982},
  volume    = {49},
  pages     = {57--61},
  month     = {Jul},
  doi       = {10.1103/PhysRevLett.49.57},
  issue     = {1},
  langid    = {english},
  numpages  = {0},
  publisher = {American Physical Society},
  url       = {https://link.aps.org/doi/10.1103/PhysRevLett.49.57},
}

@Book{Oura2006,
  title     = {Введение в физику поверхности},
  publisher = {Наука},
  year      = {2006},
  author    = {К. Оура and В. Г. Лифшиц and А. А. Саранин and А. В. Зотов and М. Катаяма},
  editor    = {В. И. Сергиенко},
  address   = {Москва},
  isbn      = {5-02-034355-2},
}

@Article{PhysRevB.95.125423,
  author    = {Vu, Quang Huy and Morgenstern, Karina},
  title     = {Upward mass transport and alloying during the growth of Co on Cu(111)},
  journal   = {Physical Review B},
  year      = {2017},
  volume    = {95},
  pages     = {125423},
  month     = {Mar},
  doi       = {10.1103/PhysRevB.95.125423},
  issue     = {12},
  langid    = {english},
  numpages  = {11},
  publisher = {American Physical Society},
  url       = {https://link.aps.org/doi/10.1103/PhysRevB.95.125423},
}

@Article{PhysRevB.60.14382,
  author    = {Nouvertn\'e, F. and May, U. and Bamming, M. and Rampe, A. and Korte, U. and G\"untherodt, G. and Pentcheva, R. and Scheffler, M.},
  title     = {Atomic exchange processes and bimodal initial growth of Co/Cu(001)},
  journal   = {Physical Review B},
  year      = {1999},
  volume    = {60},
  pages     = {14382--14386},
  month     = {Nov},
  doi       = {10.1103/PhysRevB.60.14382},
  issue     = {20},
  langid    = {english},
  numpages  = {0},
  publisher = {American Physical Society},
  url       = {https://link.aps.org/doi/10.1103/PhysRevB.60.14382},
}

@Article{PhysRevB.77.125437,
  author    = {Negulyaev, N. N. and Stepanyuk, V. S. and Bruno, P. and Diekh\"oner, L. and Wahl, P. and Kern, K.},
  title     = {Bilayer growth of nanoscale Co islands on Cu(111)},
  journal   = {Physical Review B},
  year      = {2008},
  volume    = {77},
  pages     = {125437},
  month     = {Mar},
  doi       = {10.1103/PhysRevB.77.125437},
  issue     = {12},
  langid    = {english},
  numpages  = {7},
  publisher = {American Physical Society},
  url       = {https://link.aps.org/doi/10.1103/PhysRevB.77.125437},
}

@Article{PhysRevB.71.115414,
  author    = {Cox, Erik and Li, Maozhi and Chung, Po-Wen and Ghosh, C. and Rahman, T. S. and Jenks, C. J. and Evans, J. W. and Thiel, P. A.},
  title     = {Temperature dependence of island growth shapes during submonolayer deposition of $\mathrm{Ag}$ on $\mathrm{Ag}(111)$},
  journal   = {Physical Review B},
  year      = {2005},
  volume    = {71},
  pages     = {115414},
  month     = {Mar},
  doi       = {10.1103/PhysRevB.71.115414},
  issue     = {11},
  langid    = {english},
  numpages  = {9},
  publisher = {American Physical Society},
  url       = {https://link.aps.org/doi/10.1103/PhysRevB.71.115414},
}

@Article{PhysRevLett.83.2608,
  author    = {Ovesson, Staffan and Bogicevic, Alexander and Lundqvist, Bengt I.},
  title     = {Origin of Compact Triangular Islands in Metal-on-Metal Growth},
  journal   = {Physical Review Letters},
  year      = {1999},
  volume    = {83},
  pages     = {2608--2611},
  month     = {Sep},
  doi       = {10.1103/PhysRevLett.83.2608},
  issue     = {13},
  langid    = {english},
  numpages  = {0},
  publisher = {American Physical Society},
  url       = {https://link.aps.org/doi/10.1103/PhysRevLett.83.2608},
}

@Article{PhysRevLett.70.3943,
  author    = {Michely, Thomas and Hohage, Michael and Bott, Michael and Comsa, George},
  title     = {Inversion of growth speed anisotropy in two dimensions},
  journal   = {Physical Review Letters},
  year      = {1993},
  volume    = {70},
  pages     = {3943--3946},
  month     = {Jun},
  doi       = {10.1103/PhysRevLett.70.3943},
  issue     = {25},
  langid    = {english},
  numpages  = {0},
  publisher = {American Physical Society},
  url       = {https://link.aps.org/doi/10.1103/PhysRevLett.70.3943},
}

@Article{PhysRevLett.74.3217,
  author    = {R\"oder, Holger and Bromann, Karsten and Brune, Harald and Kern, Klaus},
  title     = {Diffusion-Limited Aggregation with Active Edge Diffusion},
  journal   = {Physical Review Letters},
  year      = {1995},
  volume    = {74},
  pages     = {3217--3220},
  month     = {Apr},
  doi       = {10.1103/PhysRevLett.74.3217},
  issue     = {16},
  langid    = {english},
  numpages  = {0},
  publisher = {American Physical Society},
  url       = {https://link.aps.org/doi/10.1103/PhysRevLett.74.3217},
}

@Article{SurfSciRep.31.125,
  author    = {Harald Brune},
  title     = {Microscopic view of epitaxial metal growth: nucleation and aggregation},
  journal   = {Surface Science Reports},
  year      = {1998},
  volume    = {31},
  number    = {4-6},
  pages     = {125--229},
  month     = jan,
  doi       = {10.1016/s0167-5729(99)80001-6},
  langid    = {english},
  publisher = {Elsevier {BV}},
  url       = {https://doi.org/10.1016/s0167-5729(99)80001-6},
}

@Article{Momma2011,
  author    = {Koichi Momma and Fujio Izumi},
  title     = {{VESTA}~3 for three-dimensional visualization of crystal, volumetric and morphology data},
  journal   = {Journal of Applied Crystallography},
  year      = {2011},
  volume    = {44},
  number    = {6},
  pages     = {1272--1276},
  month     = oct,
  doi       = {10.1107/s0021889811038970},
  langid    = {english},
  publisher = {International Union of Crystallography ({IUCr})},
  url       = {https://doi.org/10.1107/s0021889811038970},
}

@Article{JPhysCondensMatter.9.767,
  author    = {Vladimir I Anisimov and F Aryasetiawan and A I Lichtenstein},
  title     = {First-principles calculations of the electronic structure and spectra of strongly correlated systems: {theLDA}${+}$U method},
  journal   = {Journal of Physics: Condensed Matter},
  year      = {1997},
  volume    = {9},
  number    = {4},
  pages     = {767--808},
  month     = jan,
  doi       = {10.1088/0953-8984/9/4/002},
  langid    = {english},
  publisher = {{IOP} Publishing},
  url       = {https://doi.org/10.1088/0953-8984/9/4/002},
}

@Article{Deshpande2010,
  author    = {Vikram V. Deshpande and Marc Bockrath and Leonid I. Glazman and Amir Yacoby},
  title     = {Electron liquids and solids in one dimension},
  journal   = {Nature},
  year      = {2010},
  volume    = {464},
  number    = {7286},
  pages     = {209--216},
  month     = mar,
  doi       = {10.1038/nature08918},
  langid    = {english},
  publisher = {Springer Science and Business Media {LLC}},
  url       = {https://doi.org/10.1038/nature08918},
}

@Article{RevModPhys.82.307,
  author    = {Snijders, Paul C. and Weitering, Hanno H.},
  title     = {Colloquium: Electronic instabilities in self-assembled atom wires},
  journal   = {Reviews of Modern Physics},
  year      = {2010},
  volume    = {82},
  pages     = {307--329},
  month     = {Feb},
  doi       = {10.1103/RevModPhys.82.307},
  issue     = {1},
  langid    = {english},
  numpages  = {0},
  publisher = {American Physical Society},
  url       = {https://link.aps.org/doi/10.1103/RevModPhys.82.307},
}

@Article{Weitering2011,
  author    = {Hanno Weitering},
  title     = {Luttingers wake},
  journal   = {Nature Physics},
  year      = {2011},
  volume    = {7},
  number    = {10},
  pages     = {744--745},
  month     = aug,
  doi       = {10.1038/nphys2074},
  langid    = {english},
  publisher = {Springer Science and Business Media {LLC}},
  url       = {https://doi.org/10.1038/nphys2074},
}

@Article{Blumenstein2011,
  author    = {C. Blumenstein and J. Sch\"{a}fer and S. Mietke and S. Meyer and A. Dollinger and M. Lochner and X. Y. Cui and L. Patthey and R. Matzdorf and R. Claessen},
  title     = {Atomically controlled quantum chains hosting a Tomonaga-Luttinger liquid},
  journal   = {Nature Physics},
  year      = {2011},
  volume    = {7},
  number    = {10},
  pages     = {776--780},
  month     = aug,
  doi       = {10.1038/nphys2051},
  langid    = {english},
  publisher = {Springer Science and Business Media {LLC}},
  url       = {https://doi.org/10.1038/nphys2051},
}

@Article{SurfSci.65.607,
  author    = {K.H. Lau and W. Kohn},
  title     = {Elastic interaction of two atoms adsorbed on a solid surface},
  journal   = {Surface Science},
  year      = {1977},
  volume    = {65},
  number    = {2},
  pages     = {607--618},
  month     = jul,
  doi       = {10.1016/0039-6028(77)90469-1},
  langid    = {english},
  publisher = {Elsevier {BV}},
  url       = {https://doi.org/10.1016/0039-6028(77)90469-1},
}

@Article{PhysRevB.68.195419,
  author    = {Tokar, V. I. and Dreyss\'e, H.},
  title     = {Lattice gas model of coherent strained epitaxy},
  journal   = {Physical Review B},
  year      = {2003},
  volume    = {68},
  pages     = {195419},
  month     = {Nov},
  doi       = {10.1103/PhysRevB.68.195419},
  issue     = {19},
  langid    = {english},
  numpages  = {12},
  publisher = {American Physical Society},
  url       = {https://link.aps.org/doi/10.1103/PhysRevB.68.195419},
}

@Article{SovPhysJETP.52.129,
  author  = {V. I. Marchenko and A. Ya. Parshin},
  title   = {Elastic properties of crystal surfaces},
  journal = {Sov. Phys. JETP},
  year    = {1980},
  volume  = {52},
  number  = {1},
  pages   = {129--131},
  langid  = {english},
  url     = {http://www.jetp.ac.ru/cgi-bin/e/index/e/52/1/p129?a=list},
}

@Article{Giesen2003,
  author    = {Margret Giesen and Harald Ibach},
  title     = {Homoepitaxial growth on nominally flat and stepped Cu() surfaces: island nucleation in fcc sites vs. hcp stacking fault sites},
  journal   = {Surface Science},
  year      = {2003},
  volume    = {529},
  number    = {1-2},
  pages     = {135--143},
  month     = apr,
  doi       = {10.1016/s0039-6028(03)00077-3},
  langid    = {english},
  publisher = {Elsevier {BV}},
  url       = {https://doi.org/10.1016/s0039-6028(03)00077-3},
}

@Article{Wafa2009,
  author    = {Essolaani Wafa and Garbouj Hedi and Said Moncef and Picaud Fabien and Ramseyer Christophe and Spanjaard Daniel and Desjonqu{\`{e}}res Marie-Catherine},
  title     = {Theoretical study of the Ni growth on Pt stepped surfaces},
  journal   = {Surface Science},
  year      = {2009},
  volume    = {603},
  number    = {18},
  pages     = {2879--2887},
  month     = sep,
  doi       = {10.1016/j.susc.2009.07.036},
  langid    = {english},
  publisher = {Elsevier {BV}},
  url       = {https://doi.org/10.1016/j.susc.2009.07.036},
}

@Article{Zoontjens2010,
  author    = {P Zoontjens and G Grochola and I K Snook and S P Russo},
  title     = {A kinetic Monte Carlo study of Pt on Au(111) with applications to bimetallic catalysis},
  journal   = {Journal of Physics: Condensed Matter},
  year      = {2010},
  volume    = {23},
  number    = {1},
  pages     = {015302},
  month     = dec,
  doi       = {10.1088/0953-8984/23/1/015302},
  langid    = {english},
  publisher = {{IOP} Publishing},
  url       = {https://doi.org/10.1088/0953-8984/23/1/015302},
}

@Article{Latz2013,
  author    = {A Latz and L Brendel and D E Wolf},
  title     = {Corrigendum: A three-dimensional self-learning kinetic Monte Carlo model: application to Ag(111)},
  journal   = {Journal of Physics: Condensed Matter},
  year      = {2013},
  volume    = {25},
  number    = {5},
  pages     = {059501},
  month     = jan,
  doi       = {10.1088/0953-8984/25/5/059501},
  langid    = {english},
  publisher = {{IOP} Publishing},
  url       = {https://doi.org/10.1088/0953-8984/25/5/059501},
}

@Article{Garbouj2009,
  author    = {Hedi Garbouj and Moncef Said and Fabien Picaud and Christophe Ramseyer and Daniel Spanjaard and Marie-Catherine Desjonqu{\`{e}}res},
  title     = {Growth of perfect and smooth Ag and Co monatomic wires on Pt vicinal surfaces: A kinetic Monte Carlo study},
  journal   = {Surface Science},
  year      = {2009},
  volume    = {603},
  number    = {1},
  pages     = {22--26},
  month     = jan,
  doi       = {10.1016/j.susc.2008.10.022},
  langid    = {english},
  publisher = {Elsevier {BV}},
  url       = {https://doi.org/10.1016/j.susc.2008.10.022},
}

@Article{PhysRevB.72.115401,
  author    = {Trushin, Oleg and Karim, Altaf and Kara, Abdelkader and Rahman, Talat S.},
  title     = {Self-learning kinetic Monte Carlo method: Application to Cu(111)},
  journal   = {Physical Review B},
  year      = {2005},
  volume    = {72},
  pages     = {115401},
  month     = {Sep},
  doi       = {10.1103/PhysRevB.72.115401},
  issue     = {11},
  langid    = {english},
  numpages  = {9},
  publisher = {American Physical Society},
  url       = {https://link.aps.org/doi/10.1103/PhysRevB.72.115401},
}

@Article{PhysRevB.48.22,
  author    = {Cleri, Fabrizio and Rosato, Vittorio},
  title     = {Tight-binding potentials for transition metals and alloys},
  journal   = {Physical Review B},
  year      = {1993},
  volume    = {48},
  pages     = {22--33},
  month     = {Jul},
  doi       = {10.1103/PhysRevB.48.22},
  issue     = {1},
  langid    = {english},
  numpages  = {0},
  publisher = {American Physical Society},
  url       = {https://link.aps.org/doi/10.1103/PhysRevB.48.22},
}

@Comment{jabref-meta: databaseType:bibtex;}
