% Encoding: UTF-8

@Book{EngelDFT,
  title     = {Density Functional Theory},
  publisher = {Springer Berlin Heidelberg},
  year      = {2011},
  author    = {Eberhard Engel and Reiner M. Dreizler},
  doi       = {10.1007/978-3-642-14090-7},
  langid    = {english},
  url       = {https://doi.org/10.1007/978-3-642-14090-7},
}

@Article{PhysRevB.54.11169,
  author    = {Kresse, G. and Furthm\"uller, J.},
  title     = {Efficient iterative schemes for ab initio total-energy calculations using a plane-wave basis set},
  journal   = {Physical Review B},
  year      = {1996},
  volume    = {54},
  pages     = {11169--11186},
  month     = {Oct},
  doi       = {10.1103/PhysRevB.54.11169},
  issue     = {16},
  langid    = {english},
  numpages  = {0},
  publisher = {American Physical Society},
  url       = {https://link.aps.org/doi/10.1103/PhysRevB.54.11169},
}

@Book{Binder2002,
  title     = {Monte Carlo Simulation in Statistical Physics},
  publisher = {Springer Berlin Heidelberg},
  year      = {2002},
  author    = {Kurt Binder and Dieter W. Heermann},
  doi       = {10.1007/978-3-662-04685-2},
  langid    = {english},
  url       = {https://doi.org/10.1007/978-3-662-04685-2},
}

@Article{Fichthorn1991,
  author    = {Kristen A. Fichthorn and W. H. Weinberg},
  title     = {Theoretical foundations of dynamical Monte Carlo simulations},
  journal   = {The Journal of Chemical Physics},
  year      = {1991},
  volume    = {95},
  number    = {2},
  pages     = {1090--1096},
  month     = jul,
  doi       = {10.1063/1.461138},
  langid    = {english},
  publisher = {{AIP} Publishing},
  url       = {https://doi.org/10.1063/1.461138},
}


@Article{koles2018-2,
  author   = {С. В. Колесников and А. М. Салецкий and С. А. Докукин and А. Л. Клавсюк},
  title    = {Кинетический метод Монте-Карло: математические основы и приложения к физике низкоразмерных наноструктур},
  journal  = {Математическое моделирование},
  year     = {2018},
  volume   = {30},
  number   = {2},
  pages    = {48--80},
  abstract = {Кинетический метод Монте-Карло является незаменимым методом исследования атомных и молекулярных систем, позволяющим решать широкий спектр задач, связанных с диффузией атомов, образованием дефектов и химических соединений различного типа, ростом и самоорганизацией наноструктур. В данной работе рассматриваются основы кинетического метода Монте-Карло и его современные модификации как решеточные, так и нерешеточные. Особое внимание уделено построению самообучающихся алгоритмов на основе различных методов поиска седловых точек потенциальной энергии, а также методам ускорения метода Монте-Карло. Все рассмотренные методы проиллюстрированы актуальными примерами, связанными в основном с физикой поверхности металлов.},
  url      = {http://www.mathnet.ru/php/archive.phtml?wshow=paper&jrnid=mm&paperid=3939&option_lang=rus},
}

@Article{Andersen2019,
  author    = {Mie Andersen and Chiara Panosetti and Karsten Reuter},
  title     = {A Practical Guide to Surface Kinetic Monte Carlo Simulations},
  journal   = {Frontiers in Chemistry},
  year      = {2019},
  volume    = {7},
  month     = apr,
  doi       = {10.3389/fchem.2019.00202},
  langid    = {english},
  publisher = {Frontiers Media {SA}},
  url       = {https://doi.org/10.3389/fchem.2019.00202},
}

@Article{Vineyard1957,
  author    = {George H. Vineyard},
  title     = {Frequency factors and isotope effects in solid state rate processes},
  journal   = {Journal of Physics and Chemistry of Solids},
  year      = {1957},
  volume    = {3},
  number    = {1-2},
  pages     = {121--127},
  month     = jan,
  doi       = {10.1016/0022-3697(57)90059-8},
  langid    = {english},
  publisher = {Elsevier {BV}},
  url       = {https://doi.org/10.1016/0022-3697(57)90059-8},
}

@Book{Laidler1987,
  title     = {Chemical Kinetics},
  publisher = {Pearson},
  year      = {1987},
  author    = {Keith J. Laidler},
  edition   = {3},
  isbn      = {8131709728,9788131709726},
  langid    = {english},
  url       = {http://gen.lib.rus.ec/book/index.php?md5=981a02c7ef4add59eff8eea141119d91},
}

@Book{EmanuelKnorre1984,
  title     = {Курс химической кинетики},
  publisher = {Высшая школа},
  year      = {1984},
  author    = {Н. М. Эмануэль and Д. Г. Кнорре},
  address   = {Москва},
  edition   = {4},
}

@Article{Halgren1977,
  author    = {Thomas A. Halgren and William N. Lipscomb},
  title     = {The synchronous-transit method for determining reaction pathways and locating molecular transition states},
  journal   = {Chemical Physics Letters},
  year      = {1977},
  volume    = {49},
  number    = {2},
  pages     = {225--232},
  month     = jul,
  doi       = {10.1016/0009-2614(77)80574-5},
  langid    = {english},
  publisher = {Elsevier {BV}},
  url       = {https://doi.org/10.1016/0009-2614(77)80574-5},
}

@Article{Rothman1980,
  author    = {Michael J. Rothman and Lawrence L. Lohr},
  title     = {Analysis of an energy minimization method for locating transition states on potential energy hypersurfaces},
  journal   = {Chemical Physics Letters},
  year      = {1980},
  volume    = {70},
  number    = {2},
  pages     = {405--409},
  month     = mar,
  doi       = {10.1016/0009-2614(80)85361-9},
  langid    = {english},
  publisher = {Elsevier {BV}},
  url       = {https://doi.org/10.1016/0009-2614(80)85361-9},
}

@Article{Williams1982,
  author    = {Ian H. Williams and Gerald M. Maggiora},
  title     = {Use and abuse of the distinguished-coordinate method for transition-state structure searching},
  journal   = {Journal of Molecular Structure: {THEOCHEM}},
  year      = {1982},
  volume    = {89},
  number    = {3-4},
  pages     = {365--378},
  month     = oct,
  doi       = {10.1016/0166-1280(82)80095-x},
  langid    = {english},
  publisher = {Elsevier {BV}},
  url       = {https://doi.org/10.1016/0166-1280(82)80095-x},
}

@Article{Henkelman1999,
  author    = {Graeme Henkelman and Hannes J{\'{o}}nsson},
  title     = {A dimer method for finding saddle points on high dimensional potential surfaces using only first derivatives},
  journal   = {The Journal of Chemical Physics},
  year      = {1999},
  volume    = {111},
  number    = {15},
  pages     = {7010--7022},
  month     = oct,
  doi       = {10.1063/1.480097},
  langid    = {english},
  publisher = {{AIP} Publishing},
  url       = {https://doi.org/10.1063/1.480097},
}

@Article{Ionova1993,
  author    = {Irina V. Ionova and Emily A. Carter},
  title     = {Ridge method for finding saddle points on potential energy surfaces},
  journal   = {The Journal of Chemical Physics},
  year      = {1993},
  volume    = {98},
  number    = {8},
  pages     = {6377--6386},
  month     = apr,
  doi       = {10.1063/1.465100},
  langid    = {english},
  publisher = {{AIP} Publishing},
  url       = {https://doi.org/10.1063/1.465100},
}

@Article{Henkelman2000,
  author    = {Graeme Henkelman and Hannes J{\'{o}}nsson},
  title     = {Improved tangent estimate in the nudged elastic band method for finding minimum energy paths and saddle points},
  journal   = {The Journal of Chemical Physics},
  year      = {2000},
  volume    = {113},
  number    = {22},
  pages     = {9978--9985},
  month     = dec,
  doi       = {10.1063/1.1323224},
  langid    = {english},
  publisher = {{AIP} Publishing},
  url       = {https://doi.org/10.1063/1.1323224},
}

@InProceedings{JNSSON1998,
  author    = {Hannes J{\'{o}}nsson and Greg Mills and Karsten W. Jacobsen},
  title     = {Nudged elastic band method for finding minimum energy paths of transitions},
  booktitle = {Classical and Quantum Dynamics in Condensed Phase Simulations},
  year      = {1998},
  month     = jun,
  publisher = {{World} {Scientific}},
  doi       = {10.1142/9789812839664_0016},
  langid    = {english},
  url       = {https://doi.org/10.1142/9789812839664_0016},
}

@Article{Kolsbjerg2016,
  author    = {Esben L. Kolsbjerg and Michael N. Groves and Bj{\o}rk Hammer},
  title     = {An automated nudged elastic band method},
  journal   = {The Journal of Chemical Physics},
  year      = {2016},
  volume    = {145},
  number    = {9},
  pages     = {094107},
  month     = sep,
  doi       = {10.1063/1.4961868},
  langid    = {english},
  publisher = {{AIP} Publishing},
  url       = {https://doi.org/10.1063/1.4961868},
}

@Article{Carilli2015,
  author    = {Michael F. Carilli and Kris T. Delaney and Glenn H. Fredrickson},
  title     = {Truncation-based energy weighting string method for efficiently resolving small energy barriers},
  journal   = {The Journal of Chemical Physics},
  year      = {2015},
  volume    = {143},
  number    = {5},
  pages     = {054105},
  month     = aug,
  doi       = {10.1063/1.4927580},
  langid    = {english},
  publisher = {{AIP} Publishing},
  url       = {https://doi.org/10.1063/1.4927580},
}

@Article{Peters2004,
  author    = {Baron Peters and Andreas Heyden and Alexis T. Bell and Arup Chakraborty},
  title     = {A growing string method for determining transition states: Comparison to the nudged elastic band and string methods},
  journal   = {The Journal of Chemical Physics},
  year      = {2004},
  volume    = {120},
  number    = {17},
  pages     = {7877--7886},
  month     = may,
  doi       = {10.1063/1.1691018},
  langid    = {english},
  publisher = {{AIP} Publishing},
  url       = {https://doi.org/10.1063/1.1691018},
}

@Article{Card1988,
  author    = {D.N. Card and W.W. Agresti},
  title     = {Measuring software design complexity},
  journal   = {Journal of Systems and Software},
  year      = {1988},
  volume    = {8},
  number    = {3},
  pages     = {185--197},
  month     = jun,
  doi       = {10.1016/0164-1212(88)90021-0},
  langid    = {english},
  publisher = {Elsevier {BV}},
  url       = {https://doi.org/10.1016/0164-1212(88)90021-0},
}

@BOOK {KnuthAPVol1,
    author    = "Дональд Кнут",
    title     = "Искусство программирования. Том 1. Основные алгоритмы",
    publisher = "Вильямс",
    year      = "2002",
}

@Book{daanfrenkel2001,
  title     = {Understanding Molecular Simulation: From Algorithms to Applications},
  publisher = {Academic Press},
  year      = {2001},
  author    = {Daan Frenkel},
  volume    = {1},
  series    = {Computational Science Series},
  month     = {nov},
  isbn      = {9780122673511},
  langid    = {english},
}

@MISC {pythonCcomp,
    title        = "The Computer Language Benchmarks Game",
    howpublished = {\url{https://benchmarksgame-team.pages.debian.net/benchmarksgame/fastest/python3-gcc.html}},
    year         = "2020"
}

@Comment{jabref-meta: databaseType:bibtex;}
