% Encoding: UTF-8

@Article{Kon:2002,
  author    = {В. Кон},
  title     = {Электронная структура вещества — волновые функции и функционалы плотности},
  journal   = {Успехи физических наук},
  year      = {2002},
  volume    = {172},
  number    = {3},
  pages     = {336},
  doi       = {10.3367/UFNr.0172.200203e.0336},
  publisher = {Успехи физических наук},
  url       = {https://ufn.ru/ru/articles/2002/3/e/},
}

@Article{PhysRevB.80.155419,
  author    = {Nader Zaki and Denis Potapenko and Peter D. Johnson and Richard M. Osgood},
  title     = {Atom-wide Co wires on Cu(775) at room temperature},
  journal   = {Physical Review B},
  year      = {2009},
  volume    = {80},
  number    = {15},
  month     = oct,
  doi       = {10.1103/physrevb.80.155419},
  langid    = {english},
  publisher = {American Physical Society ({APS})},
  url       = {https://doi.org/10.1103/physrevb.80.155419},
}

@Article{PhysRevB.87.161406,
  author    = {Nader Zaki and Chris A. Marianetti and Danda P. Acharya and Percy Zahl and Peter Sutter and Junichi Okamoto and Peter D. Johnson and Andrew J. Millis and Richard M. Osgood},
  title     = {Experimental observation of spin-exchange-induced dimerization of an atomic one-dimensional system},
  journal   = {Physical Review B},
  year      = {2013},
  volume    = {87},
  number    = {16},
  month     = apr,
  doi       = {10.1103/physrevb.87.161406},
  langid    = {english},
  publisher = {American Physical Society ({APS})},
  url       = {https://doi.org/10.1103/physrevb.87.161406},
}

@Article{dSFMT,
  author    = {Hiroshi Haramoto and Makoto Matsumoto and Takuji Nishimura and Fran{\c{c}}ois Panneton and Pierre L{\textquotesingle}Ecuyer},
  title     = {Efficient Jump Ahead for $F_2$-Linear Random Number Generators},
  journal   = {{INFORMS} Journal on Computing},
  year      = {2008},
  volume    = {20},
  number    = {3},
  pages     = {385--390},
  month     = aug,
  doi       = {10.1287/ijoc.1070.0251},
  langid    = {english},
  publisher = {Institute for Operations Research and the Management Sciences ({INFORMS})},
  url       = {https://doi.org/10.1287/ijoc.1070.0251},
}

@Article{Metropolis1953,
  author    = {Nicholas Metropolis and Arianna W. Rosenbluth and Marshall N. Rosenbluth and Augusta H. Teller and Edward Teller},
  title     = {Equation of State Calculations by Fast Computing Machines},
  journal   = {The Journal of Chemical Physics},
  year      = {1953},
  volume    = {21},
  number    = {6},
  pages     = {1087--1092},
  month     = jun,
  doi       = {10.1063/1.1699114},
  langid    = {english},
  publisher = {{AIP} Publishing},
  url       = {https://doi.org/10.1063/1.1699114},
}

@Article{PhysRevB.44.13298,
  author    = {Wang, Yue and Perdew, John P.},
  title     = {Correlation hole of the spin-polarized electron gas, with exact small-wave-vector and high-density scaling},
  journal   = {Physical Review B},
  year      = {1991},
  volume    = {44},
  pages     = {13298--13307},
  month     = {Dec},
  doi       = {10.1103/PhysRevB.44.13298},
  issue     = {24},
  langid    = {english},
  numpages  = {0},
  publisher = {American Physical Society},
  url       = {https://link.aps.org/doi/10.1103/PhysRevB.44.13298},
}

@Article{PhysRevB.89.205427,
  author    = {Zaki, Nader and Park, Hyowon and Osgood, Richard M. and Millis, Andrew J. and Marianetti, Chris A.},
  title     = {Failure of DFT-based computations for a stepped-substrate-supported correlated Co wire},
  journal   = {Physical Review B},
  year      = {2014},
  volume    = {89},
  pages     = {205427},
  month     = {May},
  doi       = {10.1103/PhysRevB.89.205427},
  issue     = {20},
  langid    = {english},
  numpages  = {5},
  publisher = {American Physical Society},
  url       = {https://link.aps.org/doi/10.1103/PhysRevB.89.205427},
}

@Article{PhysRevB.44.13298,
  author    = {Wang, Yue and Perdew, John P.},
  title     = {Correlation hole of the spin-polarized electron gas, with exact small-wave-vector and high-density scaling},
  journal   = {Physical Review B},
  year      = {1991},
  volume    = {44},
  pages     = {13298--13307},
  month     = {Dec},
  doi       = {10.1103/PhysRevB.44.13298},
  issue     = {24},
  langid    = {english},
  numpages  = {0},
  publisher = {American Physical Society},
  url       = {https://link.aps.org/doi/10.1103/PhysRevB.44.13298},
}

@Article{PhysRevB.45.13244,
  author    = {Perdew, John P. and Wang, Yue},
  title     = {Accurate and simple analytic representation of the electron-gas correlation energy},
  journal   = {Physical Review B},
  year      = {1992},
  volume    = {45},
  pages     = {13244--13249},
  month     = jun,
  doi       = {10.1103/PhysRevB.45.13244},
  issue     = {23},
  langid    = {english},
  numpages  = {0},
  publisher = {American Physical Society},
}

@Article{PhysRevB.50.17953,
  author    = {Bl\"ochl, P. E.},
  title     = {Projector augmented-wave method},
  journal   = {Physical Review B},
  year      = {1994},
  volume    = {50},
  pages     = {17953--17979},
  month     = dec,
  doi       = {10.1103/PhysRevB.50.17953},
  issue     = {24},
  langid    = {english},
  numpages  = {0},
  publisher = {American Physical Society},
}

@Article{PhysRevB.59.1758,
  author    = {Kresse, G. and Joubert, D.},
  title     = {From ultrasoft pseudopotentials to the projector augmented-wave method},
  journal   = {Physical Review B},
  year      = {1999},
  volume    = {59},
  pages     = {1758--1775},
  month     = jan,
  doi       = {10.1103/PhysRevB.59.1758},
  issue     = {3},
  langid    = {english},
  numpages  = {0},
  publisher = {American Physical Society},
}

@Article{PhysRevB.73.153404,
  author    = {Huang, R. Z. and Stepanyuk, V. S. and Klavsyuk, A. L. and Hergert, W. and Bruno, P. and Kirschner, J.},
  title     = {Atomic relaxations and magnetic states in a single-atom tunneling junction},
  journal   = {Physical Review B},
  year      = {2006},
  volume    = {73},
  pages     = {153404},
  month     = apr,
  doi       = {10.1103/PhysRevB.73.153404},
  issue     = {15},
  langid    = {english},
  numpages  = {4},
  publisher = {American Physical Society},
}

@Article{PhysRevB.80.245412,
  author    = {Kolesnikov, S. V. and Klavsyuk, A. L. and Saletsky, A. M.},
  title     = {Vacancy formation on stepped Cu(100) accelerated with STM: Molecular dynamics and kinetic {Monte Carlo} simulations},
  journal   = {Physical Review B},
  year      = {2009},
  volume    = {80},
  pages     = {245412},
  month     = dec,
  doi       = {10.1103/PhysRevB.80.245412},
  issue     = {24},
  langid    = {english},
  numpages  = {7},
  publisher = {American Physical Society},
}

@Article{PhysRevLett.81.5572,
  author    = {Hansen, O. and Ravnkilde, J. T. and Quaade, U. and Stokbro, K. and Grey, F.},
  title     = {Field-Induced Deformation as a Mechanism for Scanning Tunneling Microscopy Based Nanofabrication},
  journal   = {Physical Review Letters},
  year      = {1998},
  volume    = {81},
  pages     = {5572--5575},
  month     = dec,
  doi       = {10.1103/PhysRevLett.81.5572},
  issue     = {25},
  langid    = {english},
  numpages  = {0},
  publisher = {American Physical Society},
}

@Article{Ising1925,
  author    = {Ernst Ising},
  title     = {Beitrag zur Theorie des Ferromagnetismus},
  journal   = {Zeitschrift f\"{u}r Physik},
  year      = {1925},
  volume    = {31},
  number    = {1},
  pages     = {253--258},
  month     = feb,
  doi       = {10.1007/bf02980577},
  langid    = {english},
  publisher = {Springer Science and Business Media {LLC}},
  url       = {https://doi.org/10.1007/bf02980577},
}

@Misc{VASP,
  title  = {Vienna Ab initio Simulation Package},
  year   = {2020},
  langid = {english},
  url    = {http://vasp.at},
}

@Book{NumRecipesC,
  title     = {Numerical Recipes: The Art of Scientific Computing},
  publisher = {Cambridge University Press},
  year      = {2007},
  author    = {Press, William},
  edition   = {3rd edition},
  month     = sep,
  isbn      = {978-0521880688},
  langid    = {english},
  url       = {http://numerical.recipes/aboutNR3book.html},
}

@Article{gnuparallel,
  author  = {Tange, Ole},
  title   = {GNU Parallel --- The Command-Line Power Tool},
  journal = {;login: The USENIX Magazine},
  year    = {2011},
  volume  = {36},
  number  = {1},
  pages   = {42--47},
  month   = feb,
  address = {Frederiksberg, Denmark},
  doi     = {10.5281/ZENODO.1146014},
  langid  = {english},
  url     = {http://www.gnu.org/s/parallel},
}

@Comment{jabref-meta: databaseType:bibtex;}
